@inproceedings{Chapelle2009,
author = {Chapelle, Olivier and Metlzer, Donald and Zhang, Ya and Grinspan, Pierre},
booktitle = {Proceeding of the 18th ACM Conference on Information and Knowledge Management (CIKM)},
month = nov,
pages = {621},
title = {{Expected reciprocal rank for graded relevance}},
year = {2009}
}

@article{Chapelle2010,
author = {Chapelle, Olivier and Wu, Mingrui},
issn = {1386-4564},
journal = {Information retrieval},
number = {3},
pages = {216--235},
title = {{Gradient descent optimization of smoothed information retrieval metrics}},
volume = {13},
year = {2010}
}

@article{Chapelle2011b,
author = {Chapelle, Olivier and Chang, Yi and Liu, Tie-Yan},
journal = {JMLR Workshop and Conference Proceedings},
pages = {91--100},
title = {{Future directions in learning to rank}},
url = {http://jmlr.csail.mit.edu/proceedings/papers/v14/chapelle11b/chapelle11b.pdf},
volume = {14},
year = {2011}
}

@article{Chapelle2011a,
author = {Chapelle, Olivier and Chang, Yi},
journal = {Journal of Machine Learning Research-Proceedings Track},
pages = {1--24},
title = {{Yahoo! Learning to Rank Challenge Overview}},
volume = {14},
year = {2011}
}

@article{Qin2010,
author = {Qin, T and Liu, T.-Y. and Xu, J and Li, H},
journal = {Information Retrieval},
number = {4},
pages = {346--374},
title = {{LETOR: A benchmark collection for research on learning to rank for information retrieval}},
volume = {13},
year = {2010}
}

@article{Qin2010b,
author = {Qin, Tao and Liu, Tie-Yan and Li, Hang},
journal = {Information retrieval},
number = {4},
pages = {375--397},
title = {{A general approximation framework for direct optimization of information retrieval measures}},
volume = {13},
year = {2010}
}


@article{Alcantara2010,
title={WCL2R: A benchmark collection for Learning to rank research with clickthrough data},
author={Alc{\^a}ntara, Ot{\'a}vio DA and Pereira Jr, {\'A}lvaro R and Almeida, Humberto M and Gon{\c{c}}alves, Marcos A and Middleton, Christian and Baeza-Yates, Ricardo},
journal={Journal of Information and Data Management},
volume={1},
number={3},
pages={551},
year={2010}
}

@inproceedings{Lin2009,
author = {Lin, Yuan and Lin, Hongfei and Yang, Zhihao and Su, Sui},
booktitle = {Proceedings of the fifth Asia Information Retrieval Symposium (AIRS)},
pages = {330--338},
title = {{A Boosting Approach for Learning to Rank Using SVD with Partially Labeled Data}},
year = {2009}
}

@inproceedings{Lin2010,
author = {Lin, Yuan and Lin, Hongfei and Ye, Zheng and Jin, Song and Sun, Xiaoling},
booktitle = {Proceedings of the 19th ACM International Conference on Information and Knowledge Management (CIKM)},
pages = {1589--1592},
title = {{Learning to rank with groups}},
year = {2010}
}

@inproceedings{Lin2011,
author = {Lin, Yuan and Lin, Hongfei and Wu, Jiajin and Xu, Kan},
booktitle = {Proceedings of the 20th ACM International Conference on Information and Knowledge Management (CIKM)},
pages = {2057--2060},
title = {{Learning to rank with cross entropy}},
year = {2011}
}

@inproceedings{Lin2012,
author = {Lin, Jung Yi and Yeh, Jen-Yuan and Liu, Chao Chung},
booktitle = {Proceedings of the 2012 IEEE International Conference on Computational Intelligence and Cybernetics (CyberneticsCom)},
pages = {45--49},
title = {{Learning to rank for information retrieval using layered multi-population genetic programming}},
year = {2012}
}

@article{Lin2013,
author = {Lin, Jimmy},
issn = {2167-6461},
journal = {Big Data},
number = {1},
pages = {28--37},
title = {{Mapreduce is Good Enough? If All You Have is a Hammer, Throw Away Everything That's Not a Nail!}},
volume = {1},
year = {2013}
}

@inproceedings{Chang2007,
author = {Chang, Edward Y and Zhu, Kaihua and Wang, Hao and Bai, Hongjie and Li, Jian and Qiu, Zhihuan and Cui, Hang},
booktitle = {Advances in Neural Information Processing Systems (NIPS)},
pages = {257--264},
title = {{PSVM: Parallelizing support vector machines on distributed computers}},
year = {2007}
}

@article{Chu2007,
author = {Chu, Cheng and Kim, Sang Kyun and Lin, Yi-An and Yu, YuanYuan and Bradski, Gary and Ng, Andrew Y and Olukotun, Kunle},
issn = {1049-5258},
journal = {Advances in neural information processing systems (NIPS)},
pages = {281},
publisher = {MIT; 1998},
title = {{Map-reduce for machine learning on multicore}},
volume = {19},
year = {2007}
}

@inproceedings{Asadi2013a,
author = {Asadi, Nima and Lin, Jimmy},
pages = {146--157},
booktitle = {Proceedings of the 25th European Conference on Advances in Information Retrieval},
pages = {146-157},
title = {{Training Efficient Tree-Based Models for Document Ranking}},
volume = {7814},
year = {2013}
}

@article{Asadi2013b,
author = {Asadi, N and Lin, J and de Vries, A},
journal = {IEEE Transactions on Knowledge and Data Engineering},
doi = {10.1109/TKDE.2013.73},
issn = {1041-4347},
keywords = {General;Information Storage and Retrieval;Informat},
number = {99},
pages = {1},
title = {{Runtime Optimizations for Prediction with Tree-Based Models}},
volume = {PP},
year = {2013}
}

@inproceedings{Busa-Fekete2012,
author = {Busa-Fekete, R and Szarvas, Gy\"{o}rgy and Elteto, Tam\'{a}s and K\'{e}gl, Bal\'{a}zs},
booktitle = {Proceedings of the 20th European Conference on Artificial Intelligence (ECAI)},
title = {{An apple-to-apple comparison of Learning-to-rank algorithms in terms of Normalized Discounted Cumulative Gain}},
volume = {242},
year = {2012}
}

@article{Busa-Fekete2013,
author = {Busa-Fekete, R\'{o}bert and K\'{e}gl, Bal\'{a}zs and \'{E}ltet\H{o}, Tam\'{a}s and Szarvas, Gy\"{o}rgy},
journal = {Machine learning},
number = {2-3},
pages = {261--292},
title = {{Tune and mix: learning to rank using ensembles of calibrated multi-class classifiers}},
volume = {93},
year = {2013}
}


@inproceedings{Sousa2012,
author = {Sousa, DanielXavier and Rosa, ThiersonCouto and Martins, WellingtonSantos and Silva, Rodrigo and Gon\c{c}alves, MarcosAndr\'{e}},
booktitle = {Proceedings of the 13th International Conference on Web Information Systems Engineering},
pages = {526--537},
title = {{Improving On-Demand Learning to Rank through Parallelism}},
volume = {7651},
year = {2012}
}

@inproceedings{Shukla2012,
author = {Shukla, Shilpa and Lease, Matthew and Tewari, Ambuj},
booktitle = {Proceedings of the 35th International ACM SIGIR Conference on Research and Development in Information Retrieval},
isbn = {978-1-4503-1472-5},
keywords = { learning to rank,distributed computing},
pages = {1127--1128},
title = {{Parallelizing ListNet Training Using Spark}},
year = {2012}
}

@article{Liu2007,
author = {Liu, Tie-Yan},
issn = {1554-0669},
journal = {Foundations and Trends in Information Retrieval},
month = mar,
number = {3},
pages = {225--331},
title = {{Learning to Rank for Information Retrieval}},
volume = {3},
year = {2007}
}

@inproceedings{Liu2007b,
author = {Liu, Tie-Yan and Xu, Jun and Qin, Tao and Xiong, Wenying and Li, Hang},
booktitle = {Proceedings of the SIGIR 2007 workshop on learning to rank for information retrieval},
pages = {3--10},
title = {{LETOR: Benchmark dataset for research on learning to rank for information retrieval}},
year = {2007}
}

@article{Dean2004,
author = {Dean, Jeffrey and Ghemawat, Sanjay},
issn = {0001-0782},
journal = {Communications of the ACM},
number = {1},
pages = {107--113},
title = {{MapReduce: simplified data processing on large clusters}},
volume = {51},
year = {2004}
}

@article{Luhn1957,
author = {Luhn, Hans Peter},
issn = {0018-8646},
journal = {IBM Journal of research and development},
number = {4},
pages = {309--317},
title = {{A statistical approach to mechanized encoding and searching of literary information}},
volume = {1},
year = {1957}
}

@article{Page1999,
author = {Page, Lawrence and Brin, Sergey and Motwani, Rajeev and Winograd, Terry},
title = {{The PageRank citation ranking: Bringing order to the web}},
year = {1999}
}

@article{Robertson2009,
author = {Robertson, Stephen and Zaragoza, Hugo},
doi = {10.1561/1500000019},
issn = {1554-0669},
journal = {Foundations and Trends in Information Retrieval},
month = apr,
number = {4},
pages = {333--389},
title = {{The Probabilistic Relevance Framework: BM25 and Beyond}},
url = {http://dx.doi.org/10.1561/1500000019},
volume = {3},
year = {2009}
}

@inproceedings{Burges2005,
author = {Burges, Chris and Shaked, Tal and Renshaw, Erin and Lazier, Ari and Deeds, Matt and Hamilton, Nicole and Hullender, Greg},
booktitle = {Proceedings of the 22nd International Conference on Machine Learning},
isbn = {1595931805},
pages = {89--96},
title = {{Learning to rank using gradient descent}},
year = {2005}
}

@TECHREPORT{Burges2010,
author = {Burges, Christopher J C},
institution = {Microsoft Research},
title = {{From RankNet to LambdaRank to LambdaMART: An overview}},
year = {2010}
}


@article{Burges2011,
author = {Burges, Christopher J C and Svore, Krysta Marie and Bennett, Paul N and Pastusiak, Andrzej and Wu, Qiang},
journal = {Journal of Machine Learning Research-Proceedings Track},
pages = {25--35},
title = {{Learning to Rank Using an Ensemble of Lambda-Gradient Models.}},
volume = {14},
year = {2011}
}

@inproceedings{Pavlov2010,
author = {Pavlov, Dmitry Yurievich and Gorodilov, Alexey and Brunk, Cliff A},
booktitle = {Proceedings of the 19th ACM International conference on Information and Knowledge Management (CIKM)},
isbn = {1450300995},
pages = {1897--1900},
title = {{BagBoo: a scalable hybrid bagging-the-boosting model}},
year = {2010}
}

@inproceedings{Sorokina2007,
author = {Sorokina, Daria and Caruana, Rich and Riedewald, Mirek},
booktitle = {Proceedings of the 18th European Conference on Machine Learning},
isbn = {3540749578},
pages = {323--334},
title = {{Additive groves of regression trees}},
year = {2007}
}

@inproceedings{Chen2008,
author = {Chen, Keke and Lu, Rongqing and Wong, C K and Sun, Gordon and Heck, Larry and Tseng, Belle},
booktitle = {Proceedings of the 17th ACM conference on Information and knowledge management (CIKM)},
isbn = {1595939911},
pages = {1143--1152},
title = {{Trada: tree based ranking function adaptation}},
year = {2008}
}

@inproceedings{Chen2009,
author = {Chen, Xue-wen and Wang, Haixun and Lin, Xiaotong},
booktitle = {Proceedings of the 18th ACM Conference on Information and Knowledge Management (CIKM)},
pages = {505--512},
title = {{Learning to rank with a novel kernel perceptron method}},
year = {2009}
}

@inproceedings{Wang2009,
author = {Wang, Bo and Wu, Tianji and Yan, Feng and Li, Ruirui and Xu, Ningyi and Wang, Yu},
booktitle = {Proceedings of the 15th International Conference on Parallel and Distributed Systems (ICPADS)},
pages = {284--291},
title = {{RankBoost Acceleration on both NVIDIA CUDA and ATI Stream platforms}},
year = {2009}
}

@inproceedings{Wang2009b,
author = {Wang, Shuaiqiang and Ma, Jun and Liu, Jiming},
booktitle = {Proceedings of the 18th ACM conference on Information and knowledge management (CIKM)},
pages = {1879--1882},
title = {{Learning to Rank using Evolutionary Computation: Immune Programming or Genetic Programming?}},
year = {2009}
}


@inproceedings{Wang2011a,
author = {Wang, Shuaiqiang and Gao, Byron J and Wang, Ke and Lauw, Hady Wirawan},
booktitle = {Proceedings of the 35th AAAI Conference on Artificial Intelligence},
title = {{CCRank: Parallel Learning to Rank with Cooperative Coevolution}},
year = {2011}
}

@inproceedings{Wang2011b,
author = {Wang, Shuaiqiang and Gao, Byron J and Wang, Ke and Lauw, Hady W},
booktitle = {Proceedings of the 34th international ACM SIGIR conference on Research and development in Information Retrieval},
isbn = {1450307574},
pages = {1083--1084},
title = {{Parallel learning to rank for information retrieval}},
year = {2011}
}

@inproceedings{Wang2011c,
author = {Wang, Shuaiqiang and Gao, Byron J and Wang, Ke and Lauw, Hady Wirawan},
booktitle = {Proceedings of the 25th AAAI Conference on Artificial Intelligence},
title = {{CCRank: Parallel Learning to Rank with Cooperative Coevolution}},
year = {2011}
}

@inproceedings{Wang2012,
author = {Wang, Chieh-Jen and Huang, Hung-Sheng and Chen, Hsin-Hsi},
booktitle = {Proceedings of the 2012 IEEE International Conference on Systems, Man, and Cybernetics (SMC)},
pages = {490--495},
title = {{Automatic construction of an evaluation dataset from wisdom of the crowds for information retrieval applications}},
year = {2012}
}

@article{Wang2013,
author = {Wang, Yang and Huang, Yalou and Pang, Xiaodong and Lu, Min and Xie, Maoqiang and Liu, Jie},
issn = {1432-7643},
journal = {Soft Computing},
mendeley-groups = {Afstuderen},
number = {3},
pages = {421--429},
publisher = {Springer},
title = {{Supervised rank aggregation based on query similarity for document retrieval}},
volume = {17},
year = {2013}
}

@inproceedings{Ye2009,
author = {Ye, Jerry and Chow, Jyh-Herng and Chen, Jiang and Zheng, Zhaohui},
booktitle = {Proceedings of the 18th ACM Conference on Information and Knowledge Management (CIKM)},
isbn = {1605585122},
pages = {2061--2064},
title = {{Stochastic gradient boosted distributed decision trees}},
year = {2009}
}

@inproceedings{Zheng2007,
author = {Zheng, Zhaohui and Chen, Keke and Sun, Gordon and Zha, Hongyuan},
booktitle = {Proceedings of the 30th Annual International ACM SIGIR Conference on Research and Development in Information Retrieval},
isbn = {1595935975},
pages = {287--294},
title = {{A regression framework for learning ranking functions using relative relevance judgments}},
year = {2007}
}

@inproceedings{Karimzadehgan2011,
author = {Karimzadehgan, Maryam and Li, Wei and Zhang, Ruofei and Mao, Jianchang},
booktitle = {Proceedings of the 20th International conference on World Wide web},
isbn = {1450306322},
pages = {377--386},
title = {{A stochastic learning-to-rank algorithm and its application to contextual advertising}},
year = {2011}
}

@article{Pahikkala2009,
author = {Pahikkala, Tapio and Tsivtsivadze, Evgeni and Airola, Antti and J\"{a}rvinen, Jouni and Boberg, Jorma},
issn = {0885-6125},
journal = {Machine Learning},
number = {1},
pages = {129--165},
title = {{An efficient algorithm for learning to rank from preference graphs}},
volume = {75},
year = {2009}
}

@inproceedings{Pahikkala2010,
author = {Pahikkala, Tapio and Airola, Antti and Naula, Pekka and Salakoski, Tapio},
booktitle = {SIGIR 2010 Workshop on Feature Generation and Selection for Information Retrieval},
pages = {11--18},
title = {{Greedy RankRLS: a Linear Time Algorithm for Learning Sparse Ranking Models}},
year = {2010}
}


@article{Pyysalo2007,
author = {Pyysalo, Sampo and Ginter, Filip and Heimonen, Juho and Bj\"{o}rne, Jari and Boberg, Jorma and J\"{a}rvinen, Jouni and Salakoski, Tapio},
issn = {1471-2105},
journal = {BMC bioinformatics},
number = {1},
pages = {50},
title = {{BioInfer: a corpus for information extraction in the biomedical domain}},
volume = {8},
year = {2007}
}

@inproceedings{Long2012,
author = {Long, Bo and Chang, Yi and Dong, Anlei and He, Jianzhang},
booktitle = {Proceedings of the fifth ACM International Conference on Web Search and Data Mining},
isbn = {1450307477},
pages = {113-122},
title = {{Pairwise cross-domain factor model for heterogeneous transfer ranking}},
year = {2012}
}

@inproceedings{Zinkevich2010,
author = {Zinkevich, Martin and Weimer, Markus and Smola, Alexander J and Li, Lihong},
booktitle = {Advances in Neural Information Processing Systems (NIPS)},
pages = {2595-2603},
title = {{Parallelized Stochastic Gradient Descent}},
year = {2010}
}

@inproceedings{Yan2009,
author = {Yan, Jing and Xu, Ning-Yi and Cai, Xiong-Fei and Gao, Rui and Wang, Yu and Luo, Rong and Hsu, Feng-Hsiung},
booktitle = {Proceedings of the FPL International Conference on Field Programmable Logic and Applications},
pages = {662--665},
title = {{FPGA-based acceleration of neural network for ranking in web search engine with a streaming architecture}},
year = {2009}
}

@inproceedings{Yan2010,
author = {Yan, Jing and Xu, Ning-Yi and Cai, Xiong-Fei and Gao, Rui and Wang, Yu and Luo, Rong and Hsu, Feng-Hsiung},
booktitle = {Proceedings of the 18th Annual ACM/SIGDA International Symposium on Field Programmable Gate Arrays},
isbn = {978-1-60558-911-4},
keywords = {lambdarank algorithms},
pages = {285},
title = {{LambdaRank Acceleration for Relevance Ranking in Web Search Engines}},
year = {2010}
}

@article{Yan2011,
author = {Yan, Jing and Xu, Ning-YI and Cai, Xiong-FEI and Gao, Rui and Wang, Yu and Luo, Rong and Hsu, Feng-HSIUNG},
issn = {1936-7406},
journal = {ACM Transactions on Reconfigurable Technology and Systems (TRETS)},
number = {3},
pages = {25},
title = {{An FPGA-based accelerator for LambdaRank in Web search engines}},
volume = {4},
year = {2011}
}

@inproceedings{Yan2012,
author = {Yan, Jing and Zhao, Zhan-Xiang and Xu, Ning-Yi and Jin, Xi and Zhang, Lin-Tao and Hsu, Feng-Hsiung},
booktitle = {Proceedings of the 20th IEEE International Symposium on Field-Programmable Custom Computing Machines},
isbn = {978-0-7695-4699-5},
keywords = { FPGA, hardware accelerator, performance, query processing,index server},
pages = {97--100},
title = {{Efficient Query Processing for Web Search Engine with FPGAs}},
year = {2012}
}

@inproceedings{Veloso2008,
author = {Veloso, Adriano A and Almeida, Humberto M and Gon\c{c}alves, Marcos A and {Meira Jr}, Wagner},
booktitle = {Proceedings of the 31st Annual International ACM SIGIR Conference on Research and Development in Information Retrieval},
pages = {267--274},
title = {{Learning to rank at query-time using association rules}},
year = {2008}
}

@article{Veloso2010,
author = {Veloso, Adriano and Gon\c{c}alves, Marcos A and {Meira Jr}, Wagner and Mossri, Humberto},
journal = {Journal of Information and Data Management},
number = {3},
pages = {567},
title = {{Learning to rank using query-level rules}},
volume = {1},
year = {2010}
}

@inproceedings{DeSousa2012,
author = {{De Sousa}, Daniel Xavier and Rosa, Thierson Couto and Martins, Wellington Santos and Silva, Rodrigo and Gon\c{c}alves, Marcos Andr\'{e}},
booktitle = {Proceedings of the 13th International Conference on Web Information Systems Engineering (WISE)},
pages = {526--537},
title = {{Improving on-demand learning to rank through parallelism}},
year = {2012}
}

@techreport{Zhu2004,
author = {Zhu, Mu},
institution = {Department of Statistics and Actuarial Science, University of Waterloo, Waterloo},
title = {{Recall, precision and average precision}},
year = {2004}
}

@article{Sun1991,
author = {Sun, Xian-He and Gustafson, John L},
issn = {0167-8191},
journal = {Parallel Computing},
number = {10},
pages = {1093--1109},
title = {{Toward a better parallel performance metric}},
volume = {17},
year = {1991}
}

@inproceedings{Zhai2001,
author = {Zhai, Chengxiang and Lafferty, John},
booktitle = {Proceedings of the 24th Annual International ACM SIGIR Conference on Research and Development in Information Retrieval},
isbn = {1581133316},
pages = {334--342},
title = {{A study of smoothing methods for language models applied to ad hoc information retrieval}},
year = {2001}
}

@inproceedings{Herbrich1999, 
author={Herbrich, Ralf and Graepel, Thore and Obermayer, Klaus}, 
booktitle={Proceedings of the Ninth International Conference on Artificial Neural Networks}, 
title={Support vector learning for ordinal regression}, 
year={1999}, 
volume={1}, 
pages={97-102 vol.1}, 
doi={10.1049/cp:19991091}
}


@article{Herbrich1999b,
author = {Herbrich, Ralf and Graepel, Thore and Obermayer, Klaus},
issn = {1049-5258},
journal = {Advances in Neural Information Processing Systems (NIPS)},
pages = {115--132},
title = {{Large margin rank boundaries for ordinal regression}},
year = {1999}
}


@inproceedings{Joachims2002,
author = {Joachims, Thorsten},
booktitle = {Proceedings of the eighth ACM SIGKDD International Conference on Knowledge Discovery and Data Mining},
isbn = {158113567X},
pages = {133--142},
title = {{Optimizing search engines using clickthrough data}},
year = {2002}
}

@article{Freund1997,
author = {Freund, Yoav and Schapire, Robert E},
journal = {Journal of computer and system sciences},
number = {1},
pages = {119--139},
title = {{A decision-theoretic generalization of on-line learning and an application to boosting}},
volume = {55},
year = {1997}
}

@article{Freund2003,
author = {Freund, Yoav and Iyer, Raj and Schapire, Robert E. and Singer, Yoram},
issn = {1532-4435},
journal = {The Journal of Machine Learning Research},
month = dec,
pages = {933--969},
title = {{An efficient boosting algorithm for combining preferences}},
url = {http://dl.acm.org/citation.cfm?id=945365.964285},
volume = {4},
year = {2003}
}

@inproceedings{Tsai2007,
author = {Tsai, Ming-Feng and Liu, Tie-Yan and Qin, Tao and Chen, Hsin-Hsi and Ma, Wei-Ying},
booktitle = {Proceedings of the 30th Annual International ACM SIGIR Conference on Research and Development in Information Retrieval},
isbn = {1595935975},
pages = {383--390},
title = {{FRank: a ranking method with fidelity loss}},
year = {2007}
}

@inproceedings{Cao2007,
author = {Cao, Zhe and Qin, Tao and Liu, Tie-Yan and Tsai, Ming-Feng and Li, Hang},
booktitle = {Proceedings of the 24th International Conference on Machine Learning},
isbn = {1595937935},
pages = {129--136},
title = {{Learning to rank: from pairwise approach to listwise approach}},
year = {2007}
}

@inproceedings{Xu2007,
author = {Xu, Jun and Li, Hang},
booktitle = {Proceedings of the 30th Annual International ACM SIGIR Conference on Research and Development in Information Retrieval},
isbn = {1595935975},
pages = {391--398},
title = {{Adarank: a boosting algorithm for information retrieval}},
year = {2007}
}

@inproceedings{Xu2007b,
author = {Xu, Ning-Yi and Cai, Xiong-Fei and Gao, Rui and Zhang, Lei and Hsu, Feng-Hsiung},
booktitle = {Proceedings of the International Conference on Field-Programmable Technology (ICFPT)},
pages = {33--40},
title = {{FPGA-based Accelerator Design for RankBoost in Web Search Engines}},
year = {2007}
}

@inproceedings{Xu2008,
author = {Xu, Jun and Liu, Tie-Yan and Lu, Min and Li, Hang and Ma, Wei-Ying},
booktitle = {Proceedings of the 31st Annual International ACM SIGIR Conference on Research and Development in Rnformation Retrieval},
pages = {107--114},
publisher = {ACM},
title = {{Directly Optimizing Evaluation Measures in Learning to Rank}},
year = {2008}
}

@article{Xu2009,
author = {Xu, Ning-Yi and Cai, Xiong-Fei and Gao, Rui and Zhang, Lei and Hsu, Feng-Hsiung},
issn = {1936-7406},
journal = {ACM Transactions on Reconfigurable Technology and Systems (TRETS)},
number = {4},
pages = {19},
title = {{FPGA Acceleration of RankBoost in Web Search Engines}},
volume = {1},
year = {2009}
}

@inproceedings{Yue2007,
author = {Yue, Yisong and Finley, Thomas and Radlinski, Filip and Joachims, Thorsten},
booktitle = {Proceedings of the 30th Annual Unternational ACM SIGIR Conference on Research and Development in Information Retrieval},
isbn = {1595935975},
pages = {271--278},
title = {{A support vector method for optimizing average precision}},
year = {2007}
}

@article{Rudin2009,
author = {Rudin, Cynthia},
journal = {The Journal of Machine Learning Research},
pages = {2233--2271},
title = {{The P-Norm Push: A simple convex ranking algorithm that concentrates at the top of the list}},
volume = {10},
year = {2009}
}

@article{Adomavicius2005,
author = {Adomavicius, Gediminas and Tuzhilin, Alexander},
issn = {1041-4347},
journal = {Knowledge and Data Engineering, IEEE Transactions on},
number = {6},
pages = {734--749},
title = {{Toward the next generation of recommender systems: A survey of the state-of-the-art and possible extensions}},
volume = {17},
year = {2005}
}

@inproceedings{McNee2006,
author = {McNee, Sean M and Riedl, John and Konstan, Joseph A},
booktitle = {Proceedings of the ACM SIGCHI Conference on Human Factors in Computing systems},
isbn = {1595932984},
pages = {1097--1101},
title = {{Being accurate is not enough: how accuracy metrics have hurt recommender systems}},
year = {2006}
}

@article{Kocsis2013,
author = {Kocsis, Levente and Gy\"{o}rgy, Andr\'{a}s and B\'{a}n, Andrea N},
issn = {0885-6125},
journal = {Machine learning},
number = {2-3},
pages = {293--320},
title = {{BoostingTree: parallel selection of weak learners in boosting, with application to ranking}},
volume = {93},
year = {2013}
}

@article{Wolpert1992,
author = {Wolpert, David H},
issn = {0893-6080},
journal = {Neural networks},
number = {2},
pages = {241--259},
title = {{Stacked generalization}},
volume = {5},
year = {1992}
}

@article{Friedman2001,
author = {Friedman, Jerome H},
journal = {Annals of Statistics},
pages = {1189--1232},
title = {{Greedy function approximation: a gradient boosting machine}},
year = {2001}
}


@article{Friedman2002,
author = {Friedman, Jerome H},
journal = {Computational Statistics \& Data Analysis},
number = {4},
pages = {367--378},
title = {{Stochastic gradient boosting}},
volume = {38},
year = {2002}
}

@article{Breiman1996,
author = {Breiman, Leo},
issn = {0885-6125},
journal = {Machine learning},
number = {2},
pages = {123--140},
title = {{Bagging predictors}},
volume = {24},
year = {1996}
}

@book{Breiman1984,
author = {Breiman, J. H. and Friedman, R. A. and Stone, J Charles and Olshen, L.},
publisher = {Wadsworth International Group},
title = {{Classification and regression trees}},
year = {1984}
}

@inproceedings{Duh2008,
author = {Duh, Kevin and Kirchhoff, Katrin},
booktitle = {Proceedings of the 31st Annual International ACM SIGIR Conference on Research and Development in Information Retrieval},
pages = {251--258},
publisher = {ACM},
title = {{Learning to rank with partially-labeled data}},
year = {2008}
}

@inproceedings{Duh2011,
author = {Duh, Kevin and Suzuki, Jun and Nagata, Masaaki},
booktitle = {Proceedings of the NIPS Big Learning Workshop},
title = {{Distributed Learning-to-Rank on Streaming Data using Alternating Direction Method of Multipliers}},
year = {2011}
}

@TECHREPORT{Wu2008,
author = {Wu, Qiang and Burges, Chris J C and Svore, Krysta M and Gao, Jianfeng},
institution = {Microsoft Research},
title = {{Ranking, boosting, and model adaptation}},
year = {2008}
}

@inproceedings{Wu2009,
author = {Wu, Mingrui and Chang, Yi and Zheng, Zhaohui and Zha, Hongyuan},
booktitle = {Proceedings of the 18th ACM Conference on Information and Knowledge Management (CIKM)},
pages = {1923--1926},
title = {{Smoothing DCG for learning to rank: A novel approach using smoothed hinge functions}},
year = {2009}
}

@inproceedings{Wu2011,
author = {Wu, Jiajin and Yang, Zhihao and Lin, Yuan and Lin, Hongfei and Ye, Zheng and Xu, Kan},
booktitle = {Proceedings of the 34th international ACM SIGIR Conference on Research and Development in Information Retrieval},
pages = {1091--1092},
publisher = {ACM},
title = {{Learning to rank using query-level regression}},
year = {2011}
}

@inproceedings{Ganjisaffar2011,
author = {Ganjisaffar, Yasser and Debeauvais, Thomas and Javanmardi, Sara and Caruana, Rich and Lopes, Cristina Videira},
booktitle = {Proceedings of the Third Workshop on Large Scale Data Mining: Theory and Applications},
isbn = {1450308449},
pages = {2},
title = {{Distributed tuning of machine learning algorithms using MapReduce clusters}},
year = {2011}
}

@phdthesis{Ganjisaffar2011b,
author = {Ganjisaffar, Yasser},
isbn = {1124880968},
school = {University of California, Irvine},
title = {{Tree ensembles for learning to rank}},
year = {2011}
}

@inproceedings{Ganjisaffar2011c,
author = {Ganjisaffar, Yasser and Caruana, Rich and Lopes, Cristina Videira},
booktitle = {Proceedings of the 34th International ACM SIGIR Conference on Research and Development in Information Retrieval},
pages = {85--94},
title = {{Bagging gradient-boosted trees for high precision, low variance ranking models}},
year = {2011}
}

@inproceedings{Malewicz2010,
author = {Malewicz, Grzegorz and Austern, Matthew H and Bik, Aart J C and Dehnert, James C and Horn, Ilan and Leiser, Naty and Czajkowski, Grzegorz},
booktitle = {Proceedings of the ACM SIGMOD International Conference on Management of Data},
isbn = {1450300324},
pages = {135--146},
title = {{Pregel: a system for large-scale graph processing}},
year = {2010}
}

@inproceedings{Boyd2012,
author = {Boyd, Stephen and Cortes, Corinna and Jiang, Chong and Mohri, Mehryar and Radovanovic, Ana and Skaf, Joelle},
booktitle = {NIPS Workshop on Optimization for Machine Learning},
title = {{Large-scale Distributed Optimization for Improving Accuracy at the Top}},
year = {2012}
}

@article{Svore2012,
author = {Svore, Krysta M and Burges, C J},
issn = {0521192242},
journal = {Scaling Up Machine Learning: Parallel and Distributed Approaches},
title = {{Large-scale learning to rank using boosted decision trees}},
year = {2012}
}

@inproceedings{Svore2010,
author = {Svore, Krysta M and Burges, Christopher J C},
booktitle = {Proceedings of NIPS Learning to Rank on Cores, Clusters and Clouds Workshop},
pages = {16},
title = {{Learning to Rank on a Cluster using Boosted Decision Trees}},
year = {2010}
}

@inproceedings{Craswell2003,
author = {Craswell, Nick and Hawking, David and Wilkinson, Ross and Wu, Mingfang},
booktitle = {Proceedings of the 12th Text Retrieval Conference (TREC)},
pages = {12th},
title = {{Overview of the TREC 2003 Web Track.}},
volume = {3},
year = {2003}
}

@article{Acharyya2012,
author = {Acharyya, Sreangsu and Koyejo, Oluwasanmi and Ghosh, Joydeep},
journal = {arXiv preprint arXiv:1210.4851},
title = {{Learning to rank with Bregman divergences and monotone retargeting}},
year = {2012}
}

@phdthesis{Acharyya2013,
author = {Acharyya, Sreangsu},
school = {The University of Texas, Austin},
title = {{Learning to rank in supervised and unsupervised settings using convexity and monotonicity}},
year = {2013}
}

@article{Ben-Haim2010,
author = {Ben-Haim, Yael and Tom-Tov, Elad},
issn = {1532-4435},
journal = {The Journal of Machine Learning Research},
pages = {849--872},
title = {{A streaming parallel decision tree algorithm}},
volume = {11},
year = {2010}
}

@inproceedings{Tyree2011,
author = {Tyree, Stephen and Weinberger, Kilian Q and Agrawal, Kunal and Paykin, Jennifer},
booktitle = {Proceedings of the 20th International Conference on World Wide Web},
isbn = {1450306322},
pages = {387--396},
title = {{Parallel boosted regression trees for web search ranking}},
year = {2011}
}

@inproceedings{Taylor2008,
author = {Taylor, Michael and Guiver, John and Robertson, Stephen and Minka, Tom},
booktitle = {Proceedings of the International Conference on Web Search and Data Mining (WSDM)},
isbn = {159593927X},
pages = {77--86},
title = {{Softrank: optimizing non-smooth rank metrics}},
year = {2008}
}

@article{Feldman2012,
author = {Feldman, Vitaly and Guruswami, Venkatesan and Raghavendra, Prasad and Wu, Yi},
issn = {0097-5397},
journal = {SIAM Journal on Computing},
number = {6},
pages = {1558--1590},
title = {{Agnostic learning of monomials by halfspaces is hard}},
volume = {41},
year = {2012}
}

@article{Bartlett2006,
author = {Bartlett, Peter L and Jordan, Michael I and McAuliffe, Jon D},
issn = {0162-1459},
journal = {Journal of the American Statistical Association},
number = {473},
pages = {138--156},
title = {{Convexity, classification, and risk bounds}},
volume = {101},
year = {2006}
}

@book{Huber1981,
author = {Huber, Peter J},
publisher = {John Wiley and Sons, New York},
title = {{Robust statistics}},
year = {1981}
}

@article{Yun2014,
author = {Yun, Hyokun and Raman, Parameswaran and Vishwanathan, S V N},
journal = {arXiv preprint arXiv:1402.2676},
title = {{Ranking via Robust Binary Classification and Parallel Parameter Estimation in Large-Scale Data}},
year = {2014}
}

@inproceedings{Gopal2013,
author = {Gopal, Siddharth and Yang, Yiming},
booktitle = {Proceedings of the 30th International Conference on Machine Learning (ICML)},
pages = {289--297},
title = {{Distributed training of Large-scale Logistic models}},
year = {2013}
}

@article{Lee2014,
author = {Lee, Ching-Pei and Lin, Chih-Jen},
journal = {Neural Computation},
pages = {1--37},
title = {{Large-scale linear RankSVM}},
year = {2014}
}

@article{Jarvelin2002,
author = {J\"{a}rvelin, Kalervo and Kek\"{a}l\"{a}inen, Jaana},
journal = {ACM Transactions on Information Systems (TOIS)},
number = {4},
pages = {422--446},
title = {{Cumulated gain-based evaluation of IR techniques}},
volume = {20},
year = {2002}
}

@TECHREPORT{Cleverdon1966,
author = {Cleverdon, Cyril W and Keen, Michael},
title = {{Aslib Cranfield research project-Factors determining the performance of indexing systems; Volume 2, Test results}},
institution = {Cranfield University},
year = {1966}
}

@inproceedings{Volkovs2009,
author = {Volkovs, Maksims N and Zemel, Richard S},
booktitle = {Proceedings of the 26th Annual International Conference on Machine Learning},
pages = {1089--1096},
title = {{Boltzrank: learning to maximize expected ranking gain}},
year = {2009}
}

@article{Volkovs2011,
author = {Volkovs, Maksims N and Larochelle, Hugo and Zemel, Richard S},
journal = {arXiv preprint arXiv:1107.1805},
title = {{Loss-sensitive Training of Probabilistic Conditional Random Fields}},
year = {2011}
}

@inproceedings{Xia2008,
author = {Xia, Fen and Liu, Tie-Yan and Wang, Jue and Zhang, Wensheng and Li, Hang},
booktitle = {Proceedings of the 25th Annual International Conference on Machine Learning},
isbn = {1605582050},
pages = {1192--1199},
title = {{Listwise approach to learning to rank: theory and algorithm}},
year = {2008}
}

@article{Qin2008,
author = {Qin, Tao and Zhang, Xu-Dong and Tsai, Ming-Feng and Wang, De-Sheng and Liu, Tie-Yan and Li, Hang},
issn = {0306-4573},
journal = {Information Processing \& Management},
number = {2},
pages = {838--855},
title = {{Query-level loss functions for information retrieval}},
volume = {44},
year = {2008}
}

@inproceedings{Qin2008b,
author = {Qin, Tao and Liu, Tie-Yan and Zhang, Xu-Dong and Wang, De-Sheng and Li, Hang},
booktitle = {Advances in neural information processing systems (NIPS)},
pages = {1281--1288},
title = {{Global ranking using continuous conditional random fields}},
year = {2008}
}

@inproceedings{Burges2006,
author = {Burges, Christopher J C and Ragno, Robert and Le, Quoc Viet},
booktitle = {Advances in Neural Information Processing Systems (NIPS)},
pages = {193--200},
title = {{Learning to rank with nonsmooth cost functions}},
volume = {6},
year = {2006}
}

@inproceedings{Rigutini2008,
author = {Rigutini, Leonardo and Papini, Tiziano and Maggini, Marco and Scarselli, Franco},
booktitle = {Proceedings of the SIGIR Workshop on Learning to Rank for Information Retrieval (LR4IR)},
pages = {76--79},
title = {{Sortnet: Learning to rank by a neural-based sorting algorithm}},
year = {2008}
}

@inproceedings{Papini2012,
author = {Papini, Tiziano and Diligenti, Michelangelo},
booktitle = {Proceedings of the First International Workshop on Combining Constraint Solving with Mining and Learning (CoCoMiLe)},
title = {{Learning-to-rank with Prior Knowledge as Global Constraints}},
year = {2012}
}

@inproceedings{Crammer2001,
author = {Crammer, Koby and Singer, Yoram},
booktitle = {Advances in Neural Information Processing Systems (NIPS)},
pages = {641--647},
title = {{Pranking with Ranking}},
year = {2001}
}

@inproceedings{Li2007,
author = {Li, Ping and Burges, Christopher J C and Wu, Qiang and Platt, J C and Koller, D and Singer, Y and Roweis, S},
booktitle = {Advances in Neural Information Processing Systems (NIPS)},
pages = {845--852},
title = {{McRank: Learning to Rank Using Multiple Classification and Gradient Boosting.}},
volume = {7},
year = {2007}
}

@article{Schapire1990,
author = {Schapire, Robert E},
journal = {Machine learning},
number = {2},
pages = {197--227},
publisher = {Springer},
title = {{The strength of weak learnability}},
volume = {5},
year = {1990}
}

@inproceedings{Che2008,
author = {Che, Shuai and Li, Jie and Sheaffer, Jeremy W and Skadron, Kevin and Lach, John},
booktitle = {Proceedings of the Symposium on Application Specific Processors},
pages = {101--107},
title = {{Accelerating Compute-Intensive Applications with GPUs and FPGAs}},
year = {2008}
}

@inproceedings{Yeh2007,
author = {Yeh, Jen-Yuan and Lin, Jung-Yi and Ke, Hao-Ren and Yang, Wei-Pang},
booktitle = {Proceedings of SIGIR Workshop on Learning to Rank for Information Retrieval (LR4IR)},
title = {{Learning to rank for information retrieval using genetic programming}},
year = {2007}
}

@book{Holland1995,
author = {Holland, J H},
publisher = {Perseus Books},
series = {Ulam lecture series},
title = {{Hidden Order: How Adaptation Builds Complexity}},
url = {http://books.google.nl/books?id=ukc3sOTMfgUC},
year = {1995}
}

@inproceedings{Deng2013,
author = {Deng, Li and He, Xiaodong and Gao, Jianfeng},
booktitle = {Proceedings of the IEEE International Conference on Acoustics, Speech and Signal Processing (ICASSP)},
pages = {3153--3157},
title = {{Deep stacking networks for information retrieval}},
year = {2013}
}

@article{Geurts2006,
author = {Geurts, Pierre and Ernst, Damien and Wehenkel, Louis},
journal = {Machine learning},
number = {1},
pages = {3--42},
publisher = {Springer},
title = {{Extremely randomized trees}},
volume = {63},
year = {2006}
}

@inproceedings{Geurts2011,
author = {Geurts, Pierre and Louppe, Gilles},
booktitle = {JMLR: Workshop and Conference Proceedings},
title = {{Learning to rank with extremely randomized trees}},
volume = {14},
year = {2011}
}

@article{Airola2011,
author = {Airola, Antti and Pahikkala, Tapio and Salakoski, Tapio},
journal = {Pattern Recognition Letters},
number = {9},
pages = {1328--1336},
publisher = {Elsevier},
title = {{Training linear ranking SVMs in linearithmic time using red-black trees}},
volume = {32},
year = {2011}
}

@inproceedings{Airola2010,
  title = {Large Scale Training Methods for Linear RankRLS},
  booktitle = {Proceedings of the ECML/PKDD-10 Workshop on Preference Learning},
  author = {Airola, Antti and Pahikkala, Tapio and Salakoski, Tapio},
  year = {2010}
}

@inproceedings{DeAlmeida2007,
author = {de Almeida, Humberto Mossri and Gon\c{c}alves, Marcos Andr\'{e} and Cristo, Marco and Calado, P\'{a}vel},
booktitle = {Proceedings of the 30th annual international ACM SIGIR conference on Research and development in information retrieval},
pages = {399--406},
title = {{A combined component approach for finding collection-adapted ranking functions based on genetic programming}},
year = {2007}
}

@inproceedings{Pass2006,
author = {Pass, Greg and Chowdhury, Abdur and Torgeson, Cayley},
booktitle = {Proceedings of the First International Conference on Scalable Information Systems (InfoScale)},
title = {{A picture of search}},
volume = {152},
year = {2006}
}

@article{Gomes2013,
author = {Gomes, Guilherme and Oliveira, Vitor C and Almeida, Jussara M and Gon\c{c}alves, Marcos A},
journal = {Journal of Information and Data Management},
number = {1},
pages = {57},
title = {{Is Learning to Rank Worth it? A Statistical Analysis of Learning to Rank Methods in the LETOR Benchmarks}},
volume = {4},
year = {2013}
}

@inproceedings{Zhou2008,
author = {Zhou, Ke and Xue, Gui-Rong and Zha, Hongyuan and Yu, Yong},
booktitle = {Proceedings of the 31st Annual International ACM SIGIR Conference on Research and Development in Information Retrieval},
pages = {275--282},
title = {{Learning to rank with ties}},
year = {2008}
}

@inproceedings{He2010,
author = {He, Qiang and Ma, Jun and Wang, Shuaiqiang},
booktitle = {Proceedings of the 19th ACM International Conference on Information and Knowledge Management (CIKM)},,
pages = {1449--1452},
title = {{Directly optimizing evaluation measures in learning to rank based on the clonal selection algorithm}},
year = {2010}
}

@inproceedings{Elsas2008,
author = {Elsas, Jonathan L and Carvalho, Vitor R and Carbonell, Jaime G},
booktitle = {Proceedings of the 2008 International Conference on Web Search and Data Mining (WSDM)},
pages = {55--64},
title = {{Fast learning of document ranking functions with the committee perceptron}},
year = {2008}
}

@inproceedings{Sato2013,
author = {Sato, Hiroyuki and Bollegala, Danushka and Hasegawa, Yoshihiko and Iba, Hitoshi},
booktitle = {Proceedings of the IEEE Congress on Evolutionary Computation (CEC)},
pages = {3371--3378},
title = {{Learning non-linear ranking functions for web search using probabilistic model building GP}},
year = {2013}
}

@inproceedings{Renjifo2012,
author = {Renjifo, Carlos and Carmen, Craig},
booktitle = {Proceedings of the 2012 IEEE International Workshop on Machine Learning for Signal Processing (MLSP)},
pages = {1--6},
title = {{The discounted cumulative margin penalty: Rank-learning with a list-wise loss and pair-wise margins}},
year = {2012}
}

@inproceedings{Freno2011,
author = {Freno, Nino and Papini, Tiziano and Diligenti, Michelangelo},
booktitle = {Proceeings of the 10th International Conference on Machine Learning and Applications and Workshops (ICMLA)},
pages = {257--262},
title = {{Learning to Rank using Markov Random Fields}},
volume = {2},
year = {2011}
}

@inproceedings{Lai2011,
author = {Lai, Hanjiang and Tang, Yong and Luo, HaiXia and Pan, Yan},
booktitle = {Proceedings of the 15th International Conference on Computer Supported Cooperative Work in Design (CSCWD)},
pages = {42--46},
title = {{Greedy feature selection for ranking}},
year = {2011}
}


@article{Lai2013,
author = {Lai, Hanjiang and Pan, Yan and Liu, Cong and Lin, Liang and Wu, Jie},
journal = {IEEE Transactions on Computers},
number = {6},
pages = {1221--1233},
title = {{Sparse learning-to-rank via an efficient primal-dual algorithm}},
volume = {62},
year = {2013}
}


@article{Lai2013b,
author = {Lai, Hanjiang and Pan, Yan and Tang, Yong and Liu, Ning},
journal = {Knowledge-Based Systems},
pages = {190--198},
title = {{Efficient gradient descent algorithm for sparse models with application in learning-to-rank}},
volume = {49},
year = {2013}
}

@article{Lai2013c,
author = {Lai, Han-Jiang and Pan, Yan and Tang, Yong and Yu, Rong},
journal = {IEEE transactions on Neural Networks and Learning Systems},
number = {6},
pages = {940--952},
publisher = {Institute of Electrical and Electronics Engineers},
title = {{FSMRank: Feature Selection Algorithm for Learning to Rank}},
volume = {24},
year = {2013}
}


@inproceedings{Niu2012,
author = {Niu, Shuzi and Guo, Jiafeng and Lan, Yanyan and Cheng, Xueqi},
booktitle = {Proceedings of the 35th international ACM SIGIR Conference on Research and Development in Information Retrieval},
pages = {751--760},
publisher = {ACM},
title = {{Top-k learning to rank: labeling, ranking and evaluation}},
year = {2012}
}

@inproceedings{Moon2010,
author = {Moon, Taesup and Smola, Alex and Chang, Yi and Zheng, Zhaohui},
booktitle = {Proceedings of the third ACM international conference on Web search and data mining},
pages = {151--160},
title = {{IntervalRank: isotonic regression with listwise and pairwise constraints}},
year = {2010}
}

@article{Torkestani2012,
author = {Torkestani, Javad Akbari},
journal = {Journal of Intelligent Information Systems},
number = {2},
pages = {441--459},
title = {{An adaptive learning automata-based ranking function discovery algorithm}},
volume = {39},
year = {2012}
}

@article{Torkestani2012b,
author = {Torkestani, Javad Akbari},
journal = {Decision Support Systems},
number = {1},
pages = {574--583},
title = {{An adaptive learning to rank algorithm: Learning automata approach}},
volume = {54},
year = {2012}
}

@misc{Laporte2013,
author = {Laporte, L and Flamary, R and Canu, S and Dejean, S and Mothe, J},
booktitle = {IEEE Transactions on Neural Networks and Learning Systems},
number = {99},
pages = {1},
title = {{Nonconvex Regularizations for Feature Selection in Ranking With Sparse SVM}},
volume = {PP},
year = {2013}
}

@article{Kao2013,
author = {Kao, Chang-Yi and Fahn, Chin-Shyurng},
journal = {Expert Systems with Applications},
number = {9},
pages = {3378--3388},
title = {{A multi-stage learning framework for intelligent system}},
volume = {40},
year = {2013}
}

@inproceedings{Peng2010,
author = {Peng, Zewu and Tang, Yong and Lin, Luxina and Pan, Yan},
booktitle = {Proceedings of the 14th International Conference on Computer Supported Cooperative Work in Design (CSCWD)},
pages = {18--21},
title = {{Learning to rank with a Weight Matrix}},
year = {2010}
}

@inproceedings{Usunier2009,
author = {Usunier, Nicolas and Buffoni, David and Gallinari, Patrick},
booktitle = {Proceedings of the 26th Annual International Conference on Machine Learning},
pages = {1057--1064},
title = {{Ranking with ordered weighted pairwise classification}},
year = {2009}
}

@article{Zong2013,
author = {Zong, Weiwei and Huang, Guang-Bin},
journal = {Neural Processing Letters},
pages = {1--12},
title = {{Learning to Rank with Extreme Learning Machine}},
year = {2013}
}

@inproceedings{Tan2013,
author = {Tan, Ming and Xia, Tian and Guo, Lily and Wang, Shaojun},
booktitle = {Proceedings of the 19th ACM SIGKDD International Conference on Knowledge Discovery and Data Mining},
pages = {856--864},
title = {{Direct optimization of ranking measures for learning to rank models}},
year = {2013}
}

@inproceedings{Song2013,
author = {Song, Yuanfeng and Leung, Kenneth and Fang, Qiong and Ng, Wilfred},
booktitle = {Database Systems for Advanced Applications},
pages = {354--369},
title = {{FP-Rank: An Effective Ranking Approach Based on Frequent Pattern Analysis}},
year = {2013}
}

@article{Cai2012,
author = {Cai, Fei and Guo, Deke and Chen, Honghui and Shu, Zhen},
issn = {1932-6203},
journal = {PloS one},
number = {12},
pages = {e50112},
title = {{Your Relevance Feedback Is Essential: Enhancing the Learning to Rank Using the Virtual Feature Based Logistic Regression}},
volume = {7},
year = {2012}
}

@inproceedings{Gao2014,
author = {Gao, Wei and Yang, Pei},
booktitle = {Proceedings of the 7th ACM international Conference on Web Search and Data Mining},
pages = {63--72},
title = {{Democracy is good for ranking: Towards multi-view rank learning and adaptation in web search}},
year = {2014}
}

@article{Silva2009,
author = {Silva, Thomaz Philippe C and de Moura, Edleno Silva and Cavalcanti, Jo\~{a}o Marcos B and da Silva, Altigran S and de Carvalho, Mois\'{e}s Gomes and Gon\c{c}alves, Marcos Andr\'{e}},
journal = {Information Systems},
number = {2},
pages = {276--289},
title = {{An evolutionary approach for combining different sources of evidence in search engines}},
volume = {34},
year = {2009}
}

@article{Metzler2007,
author = {Metzler, Donald and Croft, W Bruce},
journal = {Information Retrieval},
number = {3},
pages = {257--274},
title = {{Linear feature-based models for information retrieval}},
volume = {10},
year = {2007}
}
