@article{Chapelle2011b,
	author = {Chapelle, Olivier and Chang, Yi and Liu, Tie-Yan},
	journal = {JMLR Workshop and Conference Proceedings},
	mendeley-groups = {Afstuderen},
	pages = {91--100},
	title = {{Future directions in learning to rank}},
	url = {http://jmlr.csail.mit.edu/proceedings/papers/v14/chapelle11b/chapelle11b.pdf},
	volume = {14},
	year = {2011}
}

@article{Chapelle2011a,
	author = {Chapelle, Olivier and Chang, Yi},
	journal = {Journal of Machine Learning Research-Proceedings Track},
	mendeley-groups = {Afstuderen},
	pages = {1--24},
	title = {{Yahoo! Learning to Rank Challenge Overview}},
	volume = {14},
	year = {2011}
}

@article{Qin2010,
	author = {Qin, T and Liu, T.-Y. and Xu, J and Li, H},
	journal = {Information Retrieval},
	mendeley-groups = {Afstuderen},
	number = {4},
	pages = {346--374},
	title = {{LETOR: A benchmark collection for research on learning to rank for information retrieval}},
	url = {http://www.scopus.com/inward/record.url?eid=2-s2.0-77954568972\&partnerID=40\&md5=3cb3abbb1ff25ca4b2bba387e2448fb9},
	volume = {13},
	year = {2010}
}

@article{Alcantara2010,
	title={WCL2R: A benchmark collection for Learning to rank research with clickthrough data},
	author={Alc{\^a}ntara, Ot{\'a}vio DA and Pereira Jr, {\'A}lvaro R and Almeida, Humberto M and Gon{\c{c}}alves, Marcos A and Middleton, Christian and Baeza-Yates, Ricardo},
	journal={Journal of Information and Data Management},
	volume={1},
	number={3},
	pages={551},
	year={2010}
}

@article{Lin2013,
	author = {Lin, Jimmy},
	issn = {2167-6461},
	journal = {Big Data},
	mendeley-groups = {Afstuderen},
	number = {1},
	pages = {28--37},
	publisher = {Mary Ann Liebert, Inc. 140 Huguenot Street, 3rd Floor New Rochelle, NY 10801 USA},
	title = {{Mapreduce is Good Enough? If All You Have is a Hammer, Throw Away Everything That's Not a Nail!}},
	volume = {1},
	year = {2013}
}

@inproceedings{Chang2007,
	author = {Chang, Edward Y and Zhu, Kaihua and Wang, Hao and Bai, Hongjie and Li, Jian and Qiu, Zhihuan and Cui, Hang},
	booktitle = {Advances in Neural Information Processing Systems},
	mendeley-groups = {Afstuderen},
	pages = {257--264},
	title = {{PSVM: Parallelizing support vector machines on distributed computers}},
	year = {2007}
}

@article{Chu2007,
	author = {Chu, Cheng and Kim, Sang Kyun and Lin, Yi-An and Yu, YuanYuan and Bradski, Gary and Ng, Andrew Y and Olukotun, Kunle},
	issn = {1049-5258},
	journal = {Advances in neural information processing systems},
	mendeley-groups = {Afstuderen},
	pages = {281},
	publisher = {MIT; 1998},
	title = {{Map-reduce for machine learning on multicore}},
	volume = {19},
	year = {2007}
}

@incollection{Asadi2013a,
	author = {Asadi, Nima and Lin, Jimmy},
	booktitle = {Advances in Information Retrieval SE  - 13},
	doi = {10.1007/978-3-642-36973-5\_13},
	editor = {Serdyukov, Pavel and Braslavski, Pavel and Kuznetsov, SergeiO. and Kamps, Jaap and R\"{u}ger, Stefan and Agichtein, Eugene and Segalovich, Ilya and Yilmaz, Emine},
	isbn = {978-3-642-36972-8},
	mendeley-groups = {Afstuderen},
	pages = {146--157},
	publisher = {Springer Berlin Heidelberg},
	series = {Lecture Notes in Computer Science},
	title = {{Training Efficient Tree-Based Models for Document Ranking}},
	url = {http://dx.doi.org/10.1007/978-3-642-36973-5\_13},
	volume = {7814},
	year = {2013}
}

@null{Asadi2013b,
	author = {Asadi, N and Lin, J and de Vries, A},
	booktitle = {Knowledge and Data Engineering, IEEE Transactions on},
	doi = {10.1109/TKDE.2013.73},
	issn = {1041-4347},
	keywords = {General;Information Storage and Retrieval;Informat},
	mendeley-groups = {Afstuderen},
	number = {99},
	pages = {1},
	title = {{Runtime Optimizations for Prediction with Tree-Based Models}},
	volume = {PP},
	year = {2013}
}

@inproceedings{Busa-Fekete2012,
	author = {Busa-Fekete, R\'{o}bert and Benbouzid, Djalel and K\'{e}gl, Bal\'{a}zs},
	booktitle = {29th International Conference on Machine Learning (ICML 2012)},
	mendeley-groups = {Afstuderen},
	title = {{Fast classification using sparse decision dags}},
	year = {2012}
}

@incollection{Sousa2012,
	author = {Sousa, DanielXavier and Rosa, ThiersonCouto and Martins, WellingtonSantos and Silva, Rodrigo and Gon\c{c}alves, MarcosAndr\'{e}},
	booktitle = {Web Information Systems Engineering - WISE 2012 SE  - 38},
	doi = {10.1007/978-3-642-35063-4\_38},
	editor = {Wang, X.Sean and Cruz, Isabel and Delis, Alex and Huang, Guangyan},
	isbn = {978-3-642-35062-7},
	keywords = {Distributed Information Retrieval,Learning to Rank},
	mendeley-groups = {Afstuderen},
	pages = {526--537},
	publisher = {Springer Berlin Heidelberg},
	series = {Lecture Notes in Computer Science},
	title = {{Improving On-Demand Learning to Rank through Parallelism}},
	url = {http://dx.doi.org/10.1007/978-3-642-35063-4\_38},
	volume = {7651},
	year = {2012}
}

@inproceedings{Shukla2012,
	address = {New York, NY, USA},
	author = {Shukla, Shilpa and Lease, Matthew and Tewari, Ambuj},
	booktitle = {Proceedings of the 35th International ACM SIGIR Conference on Research and Development in Information Retrieval},
	doi = {10.1145/2348283.2348502},
	isbn = {978-1-4503-1472-5},
	keywords = { learning to rank,distributed computing},
	mendeley-groups = {Afstuderen},
	pages = {1127--1128},
	publisher = {ACM},
	series = {SIGIR '12},
	title = {{Parallelizing ListNet Training Using Spark}},
	url = {http://doi.acm.org/10.1145/2348283.2348502},
	year = {2012}
}
