@article{Rudin2009,
author = {Rudin, Cynthia},
journal = {J Mach Learn Res},
title = {{The P-Norm Push: A simple convex ranking algorithm that concentrates at the top of the list}},
volume = {10},
year = {2009}
}

@article{Adomavicius2005,
author = {Adomavicius, Gediminas and Tuzhilin, Alexander},
issn = {1041-4347},
journal = {IEEE T Knowl Data En},
number = {6},
title = {{Toward the next generation of recommender systems: A survey of the state-of-the-art and possible extensions}},
volume = {17},
year = {2005}
}

@inproceedings{McNee2006,
author = {McNee, Sean M and Riedl, John and Konstan, Joseph A},
booktitle = {Proc ACM SIGCHI Conf on Human Factors in Comput Syst},
isbn = {1595932984},
title = {{Being accurate is not enough: how accuracy metrics have hurt recommender systems}},
year = {2006}
}

@inproceedings{Robertson1994,
author = {Robertson, Stephen E and Walker, Steve},
booktitle = {Proc 17th Annu Int ACM SIGIR Conf on Res and Dev in Inform Retrieval},
title = {{Some simple effective approximations to the 2-poisson model for probabilistic weighted retrieval}},
year = {1994}
}

@article{Luhn1957,
author = {Luhn, Hans Peter},
journal = {IBM J Res Dev},
number = {4},
title = {{A statistical approach to mechanized encoding and searching of literary information}},
volume = {1},
year = {1957}
}

@article{Chapelle2011a,
author = {Chapelle, Olivier and Chang, Yi},
journal = {J Mach Learn Res},
title = {{Yahoo! Learning to Rank Challenge Overview}},
volume = {14},
year = {2011}
}

@article{Qin2010,
author = {Qin, T and Liu, T.-Y. and Xu, J and Li, H},
journal = {Inf Retr},
number = {4},
title = {{LETOR: A benchmark collection for research on learning to rank for information retrieval}},
volume = {13},
year = {2010}
}

@article{Gomes2013,
author = {Gomes, Guilherme and Oliveira, Vitor C and Almeida, Jussara M and Gon\c{c}alves, Marcos A},
journal = {J Inf and Data Manage},
number = {1},
title = {{Is Learning to Rank Worth it? A Statistical Analysis of Learning to Rank Methods in the LETOR Benchmarks}},
volume = {4},
year = {2013}
}

@article{Busa-Fekete2013,
author = {Busa-Fekete, R\'{o}bert and K\'{e}gl, Bal\'{a}zs and \'{E}ltet\H{o}, Tam\'{a}s and Szarvas, Gy\"{o}rgy},
journal = {Mach Learn},
number = {2-3},
title = {{Tune and mix: learning to rank using ensembles of calibrated multi-class classifiers}},
volume = {93},
year = {2013}
}

@inproceedings{Liu2007b,
author = {Liu, Tie-Yan and Xu, Jun and Qin, Tao and Xiong, Wenying and Li, Hang},
booktitle = {Proc SIGIR 2007 Workshop on Learning to Rank for Inform Retrieval},
title = {{LETOR: Benchmark dataset for research on learning to rank for information retrieval}},
year = {2007}
}

@inproceedings{Pass2006,
author = {Pass, Greg and Chowdhury, Abdur and Torgeson, Cayley},
booktitle = {Proc 1st Int Conf on Scalable Inform Syst},
title = {{A picture of search}},
volume = {152},
year = {2006}
}

@article{Alcantara2010,
title={WCL2R: A benchmark collection for Learning to rank research with clickthrough data},
author={Alc{\^a}ntara, Ot{\'a}vio DA and Pereira Jr, {\'A}lvaro R and Almeida, Humberto M and Gon{\c{c}}alves, Marcos A and Middleton, Christian and Baeza-Yates, Ricardo},
journal={J Inf Data Manage},
volume={1},
number={3},
year={2010}
}

@article{Geng2011,
author = {Geng, Xiubo and Qin, Tao and Liu, Tie-Yan and Cheng, Xue-Qi and Li, Hang},
journal = {Inf Process Manage},
number = {5},
title = {{Selecting optimal training data for learning to rank}},
volume = {47},
year = {2011}
}

@inproceedings{Lin2012,
author = {Lin, Jung Yi and Yeh, Jen-Yuan and Liu, Chao Chung},
booktitle = {Proc 2012 IEEE Int Conf on Comput Intelligence and Cybern},
title = {{Learning to rank for information retrieval using layered multi-population genetic programming}},
year = {2012}
}

@inproceedings{De2010,
author = {De, Arijit and Diaz, Elizabeth and Raghavan, Vijay V},
booktitle = {Proc IEEE/WIC/ACM Int Conf on Web Intell and Intell Agent Technology},
title = {{Search Engine Result Aggregation using Analytical Hierarchy Process}},
volume = {3},
year = {2010}
}

@inproceedings{De2011,
author = {De, A and Diaz, E D},
booktitle = {Proc 2nd Int Conf on Emerging Applicat of Inform Technology},
title = {{A Fuzzy Ordered Weighted Average (OWA) Approach to Result Merging for Metasearch Using the Analytical Network Process}},
year = {2011}
}

@article{Derhami2013,
author = {Derhami, Vali and Khodadadian, Elahe and Ghasemzadeh, Mohammad and {Zareh Bidoki}, Ali Mohammad},
journal = {Appl Soft Comput},
month = apr,
number = {4},
title = {{Applying reinforcement learning for web pages ranking algorithms}},
volume = {13},
year = {2013}
}

@inproceedings{De2012,
author = {De, Arijit and Diaz, Elizabeth D and Raghavan, Vijay V},
booktitle = {Proc 14th Int Conf on Inform Process and Manage of Uncertainty in Knowledge-Based Syst},
title = {{Weighted Fuzzy Aggregation for Metasearch: An Application of Choquet Integral}},
year = {2012}
}

@article{Chen2010,
author = {Chen, Depin and Xiong, Yan and Yan, Jun and Xue, Gui-Rong and Wang, Gang and Chen, Zheng},
journal = {Inf Retr},
number = {3},
title = {{Knowledge transfer for cross domain learning to rank}},
volume = {13},
year = {2010}
}

@inproceedings{Ah-Pine2008,
author = {Ah-Pine, J},
booktitle = {Proc IEEE/WIC/ACM Int Conf on Web Intell and Intell Agent Technology},
title = {{Data Fusion in Information Retrieval Using Consensus Aggregation Operators}},
volume = {1},
year = {2008}
}

@inproceedings{Wang2009c,
author = {Wang, Bo and Tang, Jie and Fan, Wei and Chen, Songcan and Yang, Zi and Liu, Yanzhu},
booktitle = {Proc 18th ACM Conf on Inform and Knowl Manage},
title = {{Heterogeneous Cross Domain Ranking in Latent Space}},
year = {2009}
}

@inproceedings{De2013,
author = {De, Arijit},
booktitle = {Proc 5th Int Conf on Pattern Recognition and Mach Intelligence},
title = {{On the Role of Compensatory Operators in Fuzzy Result Merging for Metasearch}},
volume = {8251},
year = {2013}
}

@inproceedings{Miao2013,
author = {Miao, Zhigao and Tang, Ke},
booktitle = {Proc 14th Int Conf on Intell Data Eng and Automated Learning},
title = {{Semi-supervised Ranking via List-Wise Approach}},
year = {2013}
}

@inproceedings{Hoi2008,
author = {Hoi, Steven C H and Jin, Rong},
booktitle = {Proc 23rd Nat Conf on Artif Intell - Volume 2},
title = {{Semi-supervised Ensemble Ranking}},
year = {2008}
}

@incollection{De2012b,
author = {De, Arijit and Diaz, Elizaebeth},
booktitle = {Revised and Select Papers Int Joint Conf on Comput Intelligence},
title = {{Fuzzy Analytical Network Models for Metasearch}},
volume = {399},
year = {2012}
}

@article{Duh2011b,
author = {Duh, Kevin and Kirchhoff, Katrin},
journal = {Comput Speech Lang},
month = apr,
number = {2},
title = {{Semi-supervised Ranking for Document Retrieval}},
volume = {25},
year = {2011}
}

@phdthesis{Argentini2012,
author = {Argentini, Andrea},
school = {University of Trento},
title = {{Ranking Aggregation Based on Belief Function Theory}},
year = {2012}
}

@inproceedings{Qin2010c,
author = {Qin, Tao and Geng, Xiubo and Liu, Tie-Yan},
booktitle = {Advances in Neural Inform Process Syst},
title = {{A New Probabilistic Model for Rank Aggregation.}},
volume = {10},
year = {2010}
}

@inproceedings{Volkovs2013,
author = {Volkovs, Maksims N and Zemel, Richard S},
booktitle = {Proc 22nd ACM Int Conf on Inform and Knowl Manage},
title = {{CRF Framework for Supervised Preference Aggregation}},
year = {2013}
}

@inproceedings{Desarkar2011,
author = {Desarkar, MaunendraSankar and Joshi, Rahul and Sarkar, Sudeshna},
booktitle = {Proc 4th Int Conf on Pattern Recognition and Mach Intelligence},
title = {{Displacement Based Unsupervised Metric for Evaluating Rank Aggregation}},
volume = {6744},
year = {2011}
}

@inproceedings{Pan2013,
author = {Pan, Yan and Lai, Hanjiang and Liu, Cong and Tang, Yong and Yan, Shuicheng},
booktitle = {Proc 27th AAAI Conf on Artif Intell},
title = {{Rank Aggregation via Low-Rank and Structured-Sparse Decomposition}},
year = {2013}
}

@inproceedings{Lin2011b,
author = {Lin, Hsuan-Yu and Yu, Chi-Hsin and Chen, Hsin-Hsi},
booktitle = {Proc 7th Asia Inform Retrieval Soc Conf},
title = {{Query-Dependent Rank Aggregation with Local Models}},
volume = {7097},
year = {2011}
}

@inproceedings{Volkovs2012,
author = {Volkovs, Maksims N and Zemel, Richard S},
booktitle = {Proc 21st Int Conf on World Wide Web},
title = {{A Flexible Generative Model for Preference Aggregation}},
year = {2012}
}

@inproceedings{Dammak2011,
author = {Dammak, Fa\"{\i}za and Kammoun, Hager and {Ben Hamadou}, Abdelmajid},
booktitle = {Proc 5th Int Conf on Mobile Ubiquitous Comput, Syst, Services and Technologies},
title = {{An Extension of RankBoost for semi-supervised Learning of Ranking Functions}},
year = {2011}
}

@inproceedings{Bidoki2009,
author = {Bidoki, AliMohammadZareh and Thom, JamesA.},
booktitle = {Proc 31st Eur Conf on Inform Retrieval Res},
title = {{Combination of Documents Features Based on Simulated Click-through Data}},
volume = {5478},
year = {2009}
}

@inproceedings{Ding2010,
author = {Ding, Wenkui and Qin, Tao and Zhang, Xu-Dong},
booktitle = {Proc 6th Asia Inform Retrieval Soc Conf},
title = {{Learning to Rank with Supplementary Data}},
volume = {6458},
year = {2010}
}

@inproceedings{Wang2008,
author = {Wang, Yang and Kuai, Yu-Hao and Huang, Ya-Lou and Li, Dong and Ni, Wei-Jian},
booktitle = {Proc Int Conf on Mach Learning and Cybern},
month = jul,
title = {{Uncertainty-based active ranking for document retrieval}},
volume = {5},
year = {2008}
}

@inproceedings{Wang2010,
author = {Wang, Feng and Xu, Xinshun},
booktitle = {Proc IEEE Youth Conf on Inform Comput and Telecommun},
title = {{AdaGP-Rank: Applying boosting technique to genetic programming for learning to rank}},
year = {2010}
}

@inproceedings{Xu2010,
author = {Xu, Zhao and Kersting, Kristian and Joachims, Thorsten},
booktitle = {Proc Eur Conf on Mach Learn and Knowl Discovery in Databases},
title = {{Fast Active Exploration for Link-Based Preference Learning Using Gaussian Processes}},
volume = {6323},
year = {2010}
}

@inproceedings{Kuo2009,
author = {Kuo, Jen-Wei and Cheng, Pu-Jen and Wang, Hsin-Min},
booktitle = {Proc 18th ACM Conf on Inform and Knowl Manage},
title = {{Learning to Rank from Bayesian Decision Inference}},
year = {2009}
}

@inproceedings{Li2008,
author = {Li, Dong and Wang, Yang and Ni, Weijian and Huang, Yalou and Xie, Maoqiang},
booktitle = {Proc 5th Int Conf on Fuzzy Syst and Knowl Discovery},
title = {{An Ensemble Approach to Learning to Rank}},
volume = {2},
year = {2008}
}

@inproceedings{Xia2008,
author = {Xia, Fen and Liu, Tie-Yan and Wang, Jue and Zhang, Wensheng and Li, Hang},
booktitle = {Proc 25th Annu Int Conf on Mach Learning},
isbn = {1605582050},
title = {{Listwise approach to learning to rank: theory and algorithm}},
year = {2008}
}

@inproceedings{Zhou2011,
author = {Zhou, Di and Ding, Yuxin and You, Qingzhen and Xiao, Min},
booktitle = {Proc 18th Int Conf on Neural Inform Process - Volume Part II},
title = {{Learning to Rank Documents Using Similarity Information Between Objects}},
year = {2011}
}

@inproceedings{Wu2011,
author = {Wu, Jiajin and Yang, Zhihao and Lin, Yuan and Lin, Hongfei and Ye, Zheng and Xu, Kan},
booktitle = {Proc 34th Int ACM SIGIR Conf on Res and Dev in Inform Retrieval},
title = {{Learning to rank using query-level regression}},
year = {2011}
}

@inproceedings{Zhu2009,
author = {Zhu, Chenguang and Chen, Weizhu and Zhu, Zeyuan Allen and Wang, Gang and Wang, Dong and Chen, Zheng},
booktitle = {Proc 18th ACM Conf on Inform and Knowl Manage},
title = {{A General Magnitude-preserving Boosting Algorithm for Search Ranking}},
year = {2009}
}

@inproceedings{Karimzadehgan2011,
author = {Karimzadehgan, Maryam and Li, Wei and Zhang, Ruofei and Mao, Jianchang},
booktitle = {Proc 20th Int Conf on World Wide web},
isbn = {1450306322},
title = {{A stochastic learning-to-rank algorithm and its application to contextual advertising}},
year = {2011}
}

@inproceedings{Swersky2012,
author = {Swersky, Kevin and Tarlow, Danny and Adams, Ryan and Zemel, Rich and Frey, Brendan},
booktitle = {Advances in Neural Inform Process Syst},
title = {{Probabilistic n-Choose-k Models for Classification and Ranking}},
year = {2012}
}

@article{Pan2011,
author = {Pan, Yan and Luo, Hai-Xia and Tang, Yong and Huang, Chang-Qin},
journal = {Knowledge-Based Syst},
number = {4},
title = {{Learning to rank with document ranks and scores}},
volume = {24},
year = {2011}
}

@inproceedings{Ni2008,
author = {Ni, Weijian and Huang, Yalou and Xie, Maoqiang},
booktitle = {Proc 9th Int Conf on Web-Age Inform Manage},
title = {{A Query Dependent Approach to Learning to Rank for Information Retrieval}},
year = {2008}
}

@inproceedings{Ciaramita2008,
author = {Ciaramita, Massimiliano and Murdock, Vanessa and Plachouras, Vassilis},
booktitle = {Proc 17th Int Conf on World Wide Web},
title = {{Online Learning from Click Data for Sponsored Search}},
year = {2008}
}

@inproceedings{Stewart2012,
address = {Berlin, Heidelberg},
author = {Stewart, Avar\'{e} and Diaz, Ernesto},
booktitle = {Proc 12th Int Conf on Web Eng},
title = {{Epidemic Intelligence: For the Crowd, by the Crowd}},
year = {2012}
}

@inproceedings{Petterson2009,
author = {Petterson, James and Yu, Jin and Mcauley, Julian J and Caetano, Tib\'{e}rio S},
booktitle = {Advances in Neural Inform Process Syst},
title = {{Exponential Family Graph Matching and Ranking}},
year = {2009}
}

@inproceedings{Agarwal2010,
author = {Agarwal, Shivani and Collins, Michael},
booktitle = {Proc 32nd Eur Conf on Inform Retrieval Res},
title = {{Maximum Margin Ranking Algorithms for Information Retrieval}},
year = {2010}
}

@inproceedings{Chang2009,
author = {Chang, Xiao and Zheng, Qinghua},
booktitle = {Proc IEEE/WIC/ACM Int Joint Conf on Web Intell and Intell Agent Technology - Volume III},
title = {{Preference Learning to Rank with Sparse Bayesian}},
year = {2009}
}

@inproceedings{Qin2008c,
author = {Qin, Tao and Liu, Tie-Yan and Zhang, Xu-Dong and Wang, De-Sheng and Xiong, Wen-Ying and Li, Hang},
booktitle = {Proc 17th Int Conf on World Wide Web},
title = {{Learning to Rank Relational Objects and Its Application to Web Search}},
year = {2008}
}

@article{Adams2011,
author = {Adams, Ryan Prescott and Zemel, Richard S},
journal = {arXiv preprint arXiv:1106.1925},
title = {{Ranking via Sinkhorn Propagation}},
year = {2011}
}

@inproceedings{Sculley2009,
author = {Sculley, D},
booktitle = {NIPS Workshop on Advances in Ranking},
title = {{Large scale learning to rank}},
year = {2009}
}

@inproceedings{Huang2008,
author = {Huang, Jim C and Frey, Brendan J},
booktitle = {Advances in Neural Inform Process Syst},
title = {{Structured ranking learning using cumulative distribution networks}},
year = {2008}
}

@inproceedings{Alejo2010,
author = {Alejo, \'{O}scar and Fern\'{a}ndez-Luna, Juan M and Huete, Juan F and P\'{e}rez-V\'{a}zquez, Ramiro},
booktitle = {Proc Workshop on Database and Expert Syst Applicat},
title = {{Direct Optimization of Evaluation Measures in Learning to Rank Using Particle Swarm}},
year = {2010}
}

@article{Sun2011,
author = {Sun, Heli and Huang, Jianbin and Feng, Boqin},
journal = {Int J of Intell Syst},
number = {1},
title = {{QoRank: A query-dependent ranking model using LSE-based weighted multiple hyperplanes aggregation for information retrieval}},
volume = {26},
year = {2011}
}

@article{He2010b,
author = {He, Qiang and Ma, Jun and Niub, Xiaofei},
journal = {J of Inf and Comput Sci},
number = {1},
title = {{Learning to Rank for Information Retrieval Using the Clonal Selection Algorithm}},
volume = {7},
year = {2010}
}

@inproceedings{Benbouzid2012,
author = {Benbouzid, D and Busa-Fekete, R and K\'{e}gl, B},
booktitle = {Proc 29th Int Conf on Mach Learning},
title = {{Fast classification using sparse decision DAGs}},
year = {2012}
}

@article{Geng2012,
author = {Geng, Bo and Yang, Yichen and Xu, Chao and Hua, Xian-Sheng},
booktitle = {IEEE T Knowl Data En},
number = {4},
title = {{Ranking Model Adaptation for Domain-Specific Search}},
volume = {24},
year = {2012}
}

@inproceedings{Chen2012,
author = {Chen, Minmin and Weinberger, Kilian Q and Chapelle, Olivier and Kedem, Dor and Xu, Zhixiang},
booktitle = {Int Conf on Artif Intell and Stat},
title = {{Classifier cascade for minimizing feature evaluation cost}},
year = {2012}
}

@inproceedings{Xu2012,
author = {Xu, Zhixiang and Chapelle, Olivier and Weinberger, Kilian Q},
booktitle = {Proc 29th Int Conf on Mach Learning},
title = {{The Greedy Miser: Learning under Test-time Budgets}},
year = {2012}
}

@article{Shivaswamy2011,
author = {Shivaswamy, Pannagadatta K and Joachims, Thorsten},
journal = {arXiv preprint arXiv:1111.0712},
title = {{Online learning with preference feedback}},
year = {2011}
}

@inproceedings{Yu2009,
address = {New York, NY, USA},
author = {Yu, Chun-Nam John and Joachims, Thorsten},
booktitle = {Proc 26th Annu Int Conf on Mach Learning},
title = {{Learning Structural SVMs with Latent Variables}},
year = {2009}
}

@inproceedings{Thuy2009,
author = {Thuy, Nguyen Thi Thanh and Vien, Ngo Anh and Viet, Nguyen Hoang and Chung, Tae Choong},
booktitle = {Proc 6th Int Symp on Neural Networks},
title = {{Probabilistic Ranking Support Vector Machine}},
volume = {5552},
year = {2009}
}

@article{Pahikkala2009,
author = {Pahikkala, Tapio and Tsivtsivadze, Evgeni and Airola, Antti and J\"{a}rvinen, Jouni and Boberg, Jorma},
journal = {Mach Learn},
number = {1},
title = {{An efficient algorithm for learning to rank from preference graphs}},
volume = {75},
year = {2009}
}

@inproceedings{Kersting2009,
author = {Kersting, Kristian and Xu, Zhao},
booktitle = {Proc Eur Conf on Mach Learn and Knowl Discovery in Databases},
title = {{Learning Preferences with Hidden Common Cause Relations}},
year = {2009}
}

@article{Mohan2011,
author = {Mohan, Ananth and Chen, Zheng and Weinberger, Kilian Q},
journal = {J Mach Learn Res},
title = {{Web-Search Ranking with Initialized Gradient Boosted Regression Trees.}},
volume = {14},
year = {2011}
}

@inproceedings{Dubey2009,
author = {Dubey, A and Machchhar, J and Bhattacharyya, C and Chakrabarti, S},
booktitle = {Proc 9th IEEE Int Conf on Data Mining},
title = {{Conditional Models for Non-smooth Ranking Loss Functions}},
year = {2009}
}

@inproceedings{Banerjee2009,
author = {Banerjee, Somnath and Dubey, Avinava and Machchhar, Jinesh and Chakrabarti, Soumen},
booktitle = {SIGIR Workshop on Learning to Rank for Inform Retrieval},
title = {{Efficient and accurate local learning for ranking}},
year = {2009}
}

@inproceedings{Peng2010b,
address = {Berlin, Heidelberg},
author = {Peng, Jie and Macdonald, Craig and Ounis, Iadh},
booktitle = {Proc 32nd Eur Conf on Inform Retrieval Res},
title = {{Learning to Select a Ranking Function}},
year = {2010}
}

@article{Song2014,
author = {Song, Yuanfeng and Ng, Wilfred and Leung, KennethWai-Ting and Fang, Qiong},
journal = {Knowledge and Inf Syst},
title = {{SFP-Rank: significant frequent pattern analysis for effective ranking}},
year = {2014}
}

@inproceedings{Bian2010,
author = {Bian, Jiang and Li, Xin and Li, Fan and Zheng, Zhaohui and Zha, Hongyuan},
booktitle = {Proc 19th Int Conf on World Wide Web},
title = {{Ranking Specialization for Web Search: A Divide-and-conquer Approach by Using Topical RankSVM}},
year = {2010}
}

@phdthesis{Bian2010b,
annote = {AAI3451218},
author = {Bian, Jiang},
school = {Georgia Institute of Technology},
title = {{Contextualized Web Search: Query-dependent Ranking and Social Media Search}},
year = {2010}
}

@inproceedings{Carvalho2008,
author = {Carvalho, Vitor R and Elsas, Jonathan L and Cohen, William W and Carbonell, Jaime G},
booktitle = {Proc 17th ACM Conf on Inform and Knowl Manage},
title = {{Suppressing Outliers in Pairwise Preference Ranking}},
year = {2008}
}

@inproceedings{Acharyya2012,
author = {Acharyya, Sreangsu and Koyejo, Oluwasanmi and Ghosh, Joydeep},
booktitle = {Proc 28th Conf on Uncertainty in Artif Intell},
title = {{Learning to rank with Bregman divergences and monotone retargeting}},
year = {2012}
}

@article{Tran2012,
author = {Tran, Truyen T and Pham, Duc Son},
journal = {arXiv preprint arXiv:1206.4110},
title = {{ConeRANK: Ranking as Learning Generalized Inequalities}},
year = {2012}
}

@phdthesis{Asadi2013c,
author = {Asadi, Nima},
school = {University of Maryland},
title = {{Multi-Stage Search Architectures for Streaming Documents}},
year = {2013}
}

@inproceedings{Chakrabarti2008,
author = {Chakrabarti, Soumen and Khanna, Rajiv and Sawant, Uma and Bhattacharyya, Chiru},
booktitle = {Proc 14th ACM SIGKDD Int Conf on Knowl Discovery and Data Mining},
title = {{Structured Learning for Non-smooth Ranking Losses}},
year = {2008}
}

@inproceedings{Wang2012b,
author = {Wang, Lidan and Bennett, Paul N and Collins-Thompson, Kevyn},
booktitle = {Proc 35th Int ACM SIGIR Conf on Res and Dev in Inform Retrieval},
title = {{Robust Ranking Models via Risk-sensitive Optimization}},
year = {2012}
}

@inproceedings{Buffoni2011,
author = {Buffoni, David and Gallinari, Patrick and Usunier, Nicolas and Calauz\`{e}nes, Cl\'{e}ment},
booktitle = {Proc 28th Int Conf on Mach Learning},
title = {{Learning scoring functions with order-preserving losses and standardized supervision}},
year = {2011}
}

@inproceedings{Tan2013,
author = {Tan, Ming and Xia, Tian and Guo, Lily and Wang, Shaojun},
booktitle = {Proc 19th ACM SIGKDD Int Conf on Knowl Discovery and Data Mining},
title = {{Direct optimization of ranking measures for learning to rank models}},
year = {2013}
}

@inproceedings{Xu2007,
author = {Xu, Jun and Li, Hang},
booktitle = {Proc 30th Annu Int ACM SIGIR Conf on Res and Dev in Inform Retrieval},
isbn = {1595935975},
title = {{Adarank: a boosting algorithm for information retrieval}},
year = {2007}
}

@incollection{Cossock2006,
author = {Cossock, David and Zhang, Tong},
booktitle = {Proc 19th Annu Conf on Learning Theory},
title = {{Subset ranking using regression}},
year = {2006}
}

@inproceedings{Wang2012,
author = {Wang, Chieh-Jen and Huang, Hung-Sheng and Chen, Hsin-Hsi},
booktitle = {Proc 2012 IEEE Int Conf on Syst, Man, and Cybern},
title = {{Automatic construction of an evaluation dataset from wisdom of the crowds for information retrieval applications}},
year = {2012}
}

@article{Volkovs2011,
author = {Volkovs, Maksims N and Larochelle, Hugo and Zemel, Richard S},
journal = {arXiv preprint arXiv:1107.1805},
title = {{Loss-sensitive Training of Probabilistic Conditional Random Fields}},
year = {2011}
}

@inproceedings{Lin2010,
author = {Lin, Yuan and Lin, Hongfei and Ye, Zheng and Jin, Song and Sun, Xiaoling},
booktitle = {Proc 19th ACM Int Conf on Inform and Knowl Manage},
title = {{Learning to rank with groups}},
year = {2010}
}

@inproceedings{Lin2011,
author = {Lin, Yuan and Lin, Hongfei and Wu, Jiajin and Xu, Kan},
booktitle = {Proc 20th ACM Int Conf on Inform and Knowl Manage},
title = {{Learning to rank with cross entropy}},
year = {2011}
}

@inproceedings{Gao2014,
author = {Gao, Wei and Yang, Pei},
booktitle = {Proc 7th ACM Int Conf on Web Search and Data Mining},
title = {{Democracy is good for ranking: Towards multi-view rank learning and adaptation in web search}},
year = {2014}
}

@inproceedings{Duh2011,
author = {Duh, Kevin and Suzuki, Jun and Nagata, Masaaki},
booktitle = {Proc NIPS Big Learning Workshop},
title = {{Distributed Learning-to-Rank on Streaming Data using Alternating Direction Method of Multipliers}},
year = {2011}
}

@inproceedings{Cao2007,
author = {Cao, Zhe and Qin, Tao and Liu, Tie-Yan and Tsai, Ming-Feng and Li, Hang},
booktitle = {Proc 24th Int Conf on Mach Learning},
isbn = {1595937935},
title = {{Learning to rank: from pairwise approach to listwise approach}},
year = {2007}
}

@article{Qin2010b,
author = {Qin, Tao and Liu, Tie-Yan and Li, Hang},
journal = {Inf Retr},
number = {4},
title = {{A general approximation framework for direct optimization of information retrieval measures}},
volume = {13},
year = {2010}
}

@article{Torkestani2012b,
author = {Torkestani, Javad Akbari},
journal = {Decis Supp Syst},
number = {1},
title = {{An adaptive learning to rank algorithm: Learning automata approach}},
volume = {54},
year = {2012}
}

@inproceedings{Pavlov2010,
author = {Pavlov, Dmitry Yurievich and Gorodilov, Alexey and Brunk, Cliff A},
booktitle = {Proc 19th ACM Int Conf on Inform and Knowl Manage},
isbn = {1450300995},
title = {{BagBoo: a scalable hybrid bagging-the-boosting model}},
year = {2010}
}

@inproceedings{Ganjisaffar2011c,
author = {Ganjisaffar, Yasser and Caruana, Rich and Lopes, Cristina Videira},
booktitle = {Proc 34th Int ACM SIGIR Conf on Res and Dev in Inform Retrieval},
title = {{Bagging gradient-boosted trees for high precision, low variance ranking models}},
year = {2011}
}

@article{Laporte2013,
author = {Laporte, L and Flamary, R and Canu, S and Dejean, S and Mothe, J},
booktitle = {IEEE T Neural Networ Learn Syst},
number = {99},
title = {{Nonconvex Regularizations for Feature Selection in Ranking With Sparse SVM}},
volume = {PP},
year = {2013}
}

@inproceedings{Qin2007,
author = {Qin, Tao and Zhang, Xu-Dong and Wang, De-Sheng and Liu, Tie-Yan and Lai, Wei and Li, Hang},
booktitle = {Proc 30th Annu Int ACM SIGIR Conf on Res and Dev in Inform Retrieval},
title = {{Ranking with multiple hyperplanes}},
year = {2007}
}

@article{Kao2013,
author = {Kao, Chang-Yi and Fahn, Chin-Shyurng},
journal = {Expert Syst Appl},
number = {9},
title = {{A multi-stage learning framework for intelligent system}},
volume = {40},
year = {2013}
}

@inproceedings{Volkovs2009,
author = {Volkovs, Maksims N and Zemel, Richard S},
booktitle = {Proc 26th Annu Int Conf on Mach Learning},
title = {{Boltzrank: learning to maximize expected ranking gain}},
year = {2009}
}

@inproceedings{Peng2010,
author = {Peng, Zewu and Tang, Yong and Lin, Luxina and Pan, Yan},
booktitle = {Proc 14th Int Conf on Comput Supported Cooperative Work in Design},
title = {{Learning to rank with a Weight Matrix}},
year = {2010}
}

@inproceedings{Usunier2009,
author = {Usunier, Nicolas and Buffoni, David and Gallinari, Patrick},
booktitle = {Proc 26th Annu Int Conf on Mach Learning},
title = {{Ranking with ordered weighted pairwise classification}},
year = {2009}
}

@inproceedings{Zhou2008,
author = {Zhou, Ke and Xue, Gui-Rong and Zha, Hongyuan and Yu, Yong},
booktitle = {Proc 31st Annu Int ACM SIGIR Conf on Res and Develop in Inform Retrieval},
title = {{Learning to rank with ties}},
year = {2008}
}

@inproceedings{Qin2008b,
author = {Qin, Tao and Liu, Tie-Yan and Zhang, Xu-Dong and Wang, De-Sheng and Li, Hang},
booktitle = {Advances in Neural Inform Process Syst},
title = {{Global ranking using continuous conditional random fields}},
year = {2008}
}

@inproceedings{Xu2008,
author = {Xu, Jun and Liu, Tie-Yan and Lu, Min and Li, Hang and Ma, Wei-Ying},
booktitle = {Proc 31st Annu Int ACM SIGIR Conf on Res and Dev in Inform Retrieval},
title = {{Directly Optimizing Evaluation Measures in Learning to Rank}},
year = {2008}
}

@article{Metzler2007,
author = {Metzler, Donald and Croft, W Bruce},
journal = {Inf Retr},
number = {3},
title = {{Linear feature-based models for information retrieval}},
volume = {10},
year = {2007}
}

@inproceedings{Geng2008,
author = {Geng, Xiubo and Liu, Tie-Yan and Qin, Tao and Arnold, Andrew and Li, Hang and Shum, Heung-Yeung},
booktitle = {Proc 31st Ann Int ACM SIGIR Conf on Res and Dev in Inform Retrieval},
title = {{Query dependent ranking using k-nearest neighbor}},
year = {2008}
}

@article{Wang2013,
author = {Wang, Yang and Huang, Yalou and Pang, Xiaodong and Lu, Min and Xie, Maoqiang and Liu, Jie},
journal = {Soft Comput},
number = {3},
title = {{Supervised rank aggregation based on query similarity for document retrieval}},
volume = {17},
year = {2013}
}

@inproceedings{Wang2011c,
author = {Wang, Shuaiqiang and Gao, Byron J and Wang, Ke and Lauw, Hady Wirawan},
booktitle = {Proc 25th AAAI Conf on Artif Intell},
title = {{CCRank: Parallel Learning to Rank with Cooperative Coevolution}},
year = {2011}
}

@inproceedings{Sato2013,
author = {Sato, Hiroyuki and Bollegala, Danushka and Hasegawa, Yoshihiko and Iba, Hitoshi},
booktitle = {Proc IEEE Congr on Evol Comput},
title = {{Learning non-linear ranking functions for web search using probabilistic model building GP}},
year = {2013}
}

@inproceedings{Ravikumar2011,
author = {Ravikumar, Pradeep D and Tewari, Ambuj and Yang, Eunho},
booktitle = {Int Conf on Artif Intell and Stat},
title = {{On NDCG consistency of listwise ranking methods}},
year = {2011}
}

@inproceedings{Renjifo2012,
author = {Renjifo, Carlos and Carmen, Craig},
booktitle = {Proc 2012 IEEE Int Workshop on Mach Learning for Signal Process},
title = {{The discounted cumulative margin penalty: Rank-learning with a list-wise loss and pair-wise margins}},
year = {2012}
}

@article{Freund2003,
author = {Freund, Yoav and Iyer, Raj and Schapire, Robert E. and Singer, Yoram},
journal = {J Mach Learn Res},
month = dec,
title = {{An efficient boosting algorithm for combining preferences}},
volume = {4},
year = {2003}
}

@inproceedings{He2010,
author = {He, Qiang and Ma, Jun and Wang, Shuaiqiang},
booktitle = {Proc 19th ACM Int Conf on Inform and Knowl Manage},
title = {{Directly optimizing evaluation measures in learning to rank based on the clonal selection algorithm}},
year = {2010}
}

@inproceedings{Freno2011,
author = {Freno, Nino and Papini, Tiziano and Diligenti, Michelangelo},
booktitle = {Proc 10th Int Conf on Mach Learning and Applicat and Workshops},
title = {{Learning to Rank using Markov Random Fields}},
volume = {2},
year = {2011}
}

@inproceedings{Bollegala2011,
author = {Bollegala, Danushka and Noman, Nasimul and Iba, Hitoshi},
booktitle = {Proc 13th Annu Conf on Genetic and Evol Comput},
title = {{RankDE: Learning a Ranking Function for Information Retrieval using Differential Evolution}},
year = {2011}
}

@inproceedings{Lai2011,
author = {Lai, Hanjiang and Tang, Yong and Luo, HaiXia and Pan, Yan},
booktitle = {Proc 15th Int Conf on Comput Supported Cooperative Work in Design},
title = {{Greedy feature selection for ranking}},
year = {2011}
}

@article{Zong2013,
author = {Zong, Weiwei and Huang, Guang-Bin},
journal = {Neural Process Lett},
title = {{Learning to Rank with Extreme Learning Machine}},
year = {2013}
}

@article{Lai2013,
author = {Lai, Hanjiang and Pan, Yan and Liu, Cong and Lin, Liang and Wu, Jie},
journal = {IEEE Trans Comput},
number = {6},
title = {{Sparse learning-to-rank via an efficient primal-dual algorithm}},
volume = {62},
year = {2013}
}

@article{Lai2013b,
author = {Lai, Hanjiang and Pan, Yan and Tang, Yong and Liu, Ning},
journal = {Knowledge-Based Syst},
title = {{Efficient gradient descent algorithm for sparse models with application in learning-to-rank}},
volume = {49},
year = {2013}
}

@inproceedings{Niu2012,
author = {Niu, Shuzi and Guo, Jiafeng and Lan, Yanyan and Cheng, Xueqi},
booktitle = {Proc 35th Int ACM SIGIR Conf on Res and Dev in Inform Retrieval},
title = {{Top-k learning to rank: labeling, ranking and evaluation}},
year = {2012}
}

@inproceedings{Burges2005,
author = {Burges, Chris and Shaked, Tal and Renshaw, Erin and Lazier, Ari and Deeds, Matt and Hamilton, Nicole and Hullender, Greg},
booktitle = {Proc 22nd Int Conf on Mach Learning},
isbn = {1595931805},
title = {{Learning to rank using gradient descent}},
year = {2005}
}

@inproceedings{Papini2012,
author = {Papini, Tiziano and Diligenti, Michelangelo},
booktitle = {Proc 1st Int Workshop on Combining Constraint Solving with Mining and Learning},
title = {{Learning-to-rank with Prior Knowledge as Global Constraints}},
year = {2012}
}

@inproceedings{Pahikkala2010,
author = {Pahikkala, Tapio and Airola, Antti and Naula, Pekka and Salakoski, Tapio},
booktitle = {Proc SIGIR 2010 Workshop on Feature Generation and Selection for Inform Retrieval},
title = {{Greedy RankRLS: a Linear Time Algorithm for Learning Sparse Ranking Models}},
year = {2010}
}

@inproceedings{Song2013,
author = {Song, Yuanfeng and Leung, Kenneth and Fang, Qiong and Ng, Wilfred},
booktitle = {Database Syst for Advanced Applicat},
title = {{FP-Rank: An Effective Ranking Approach Based on Frequent Pattern Analysis}},
year = {2013}
}

@inproceedings{Herbrich1999,
author={Herbrich, Ralf and Graepel, Thore and Obermayer, Klaus},
booktitle={Proc 9th Int Conf on Artif Neural Networks},
title={Support vector learning for ordinal regression}, 
year={1999},
volume={1},
pages={97-102 vol.1},
}

@inproceedings{Joachims2002,
author = {Joachims, Thorsten},
booktitle = {Proc 8th ACM SIGKDD Int Conf on Knowl Discovery and Data Mining},
isbn = {158113567X},
title = {{Optimizing search engines using clickthrough data}},
year = {2002}
}


@inproceedings{Tsai2007,
author = {Tsai, Ming-Feng and Liu, Tie-Yan and Qin, Tao and Chen, Hsin-Hsi and Ma, Wei-Ying},
booktitle = {Proc 30th Annu Int ACM SIGIR Conf on Res and Dev in Inform Retrieval},
isbn = {1595935975},
title = {{FRank: a ranking method with fidelity loss}},
year = {2007}
}

@article{Lai2013c,
author = {Lai, Han-Jiang and Pan, Yan and Tang, Yong and Yu, Rong},
journal = {IEEE T Neural Networ Learn Syst},
number = {6},
title = {{FSMRank: Feature Selection Algorithm for Learning to Rank}},
volume = {24},
year = {2013}
}

@inproceedings{Elsas2008,
author = {Elsas, Jonathan L and Carvalho, Vitor R and Carbonell, Jaime G},
booktitle = {Proc 2008 Int Conf on Web Search and Data Mining},
title = {{Fast learning of document ranking functions with the committee perceptron}},
year = {2008}
}

@inproceedings{Geng2007,
author = {Geng, Xiubo and Liu, Tie-Yan and Qin, Tao and Li, Hang},
booktitle = {Proc 30th Annu Int ACM SIGIR Conf on Res and Dev in Inform Retrieval},
title = {{Feature selection for ranking}},
year = {2007}
}

@article{Veloso2010,
author = {Veloso, Adriano and Gon\c{c}alves, Marcos A and {Meira Jr}, Wagner and Mossri, Humberto},
journal = {J Inf Data Manage},
number = {3},
title = {{Learning to rank using query-level rules}},
volume = {1},
year = {2010}
}

@inproceedings{DeAlmeida2007,
author = {de Almeida, Humberto Mossri and Gon\c{c}alves, Marcos Andr\'{e} and Cristo, Marco and Calado, P\'{a}vel},
booktitle = {Proc 30th Annu Int ACM SIGIR Conf on Res and Dev in Inform Retrieval},
title = {{A combined component approach for finding collection-adapted ranking functions based on genetic programming}},
year = {2007}
}

@inproceedings{Wu2009,
author = {Wu, Mingrui and Chang, Yi and Zheng, Zhaohui and Zha, Hongyuan},
booktitle = {Proc 18th ACM Conf on Inf and Knowl Manage},
title = {{Smoothing DCG for learning to rank: A novel approach using smoothed hinge functions}},
year = {2009}
}

@article{Silva2009,
author = {Silva, Thomaz Philippe C and de Moura, Edleno Silva and Cavalcanti, Jo\~{a}o Marcos B and da Silva, Altigran S and de Carvalho, Mois\'{e}s Gomes and Gon\c{c}alves, Marcos Andr\'{e}},
journal = {Inf Syst},
number = {2},
title = {{An evolutionary approach for combining different sources of evidence in search engines}},
volume = {34},
year = {2009}
}

@article{Torkestani2012,
author = {Torkestani, Javad Akbari},
journal = {J Intell Inf Syst},
number = {2},
title = {{An adaptive learning automata-based ranking function discovery algorithm}},
volume = {39},
year = {2012}
}

@inproceedings{Sun2009,
author = {Sun, Zhengya and Qin, Tao and Tao, Qing and Wang, Jue},
booktitle = {Proc 32nd Int ACM SIGIR Conf on Res and Dev in Inform Retrieval},
title = {{Robust sparse rank learning for non-smooth ranking measures}},
year = {2009}
}

@techreport{Le2007,
author = {Le, Quoc and Smola, Alexander},
institution = {NICTA},
title = {{Direct optimization of ranking measures}},
year = {2007}
}

@article{Chapelle2010,
author = {Chapelle, Olivier and Wu, Mingrui},
issn = {1386-4564},
journal = {Inf Retr},
number = {3},
title = {{Gradient descent optimization of smoothed information retrieval metrics}},
volume = {13},
year = {2010}
}

@inproceedings{Moon2010,
author = {Moon, Taesup and Smola, Alex and Chang, Yi and Zheng, Zhaohui},
booktitle = {Proc 3rd ACM Int Conf on Web search and data mining},
title = {{IntervalRank: isotonic regression with listwise and pairwise constraints}},
year = {2010}
}

@inproceedings{Taylor2008,
author = {Taylor, Michael and Guiver, John and Robertson, Stephen and Minka, Tom},
booktitle = {Proc Int Conf on Web Search and Data Mining},
title = {{Softrank: optimizing non-smooth rank metrics}},
year = {2008}
}

@inproceedings{Guiver2008,
author = {Guiver, John and Snelson, Edward},
booktitle = {Proc 31st Annu Int ACM SIGIR Conf on Res and Dev in Inform Retrieval},
title = {{Learning to rank with softrank and gaussian processes}},
year = {2008}
}

@inproceedings{Wang2009b,
author = {Wang, Shuaiqiang and Ma, Jun and Liu, Jiming},
booktitle = {Proc 18th ACM Conf on Inform and Knowl Manage},
title = {{Learning to Rank using Evolutionary Computation: Immune Programming or Genetic Programming?}},
year = {2009}
}

@inproceedings{Rigutini2008,
author = {Rigutini, Leonardo and Papini, Tiziano and Maggini, Marco and Scarselli, Franco},
booktitle = {Proc SIGIR Workshop on Learning to Rank for Inform Retrieval},
title = {{Sortnet: Learning to rank by a neural-based sorting algorithm}},
year = {2008}
}

@inproceedings{Chen2009,
author = {Chen, Xue-wen and Wang, Haixun and Lin, Xiaotong},
booktitle = {Proc 18th ACM Conf on Inform and Knowl Manage},
title = {{Learning to rank with a novel kernel perceptron method}},
year = {2009}
}

@inproceedings{Duh2008,
author = {Duh, Kevin and Kirchhoff, Katrin},
booktitle = {Proc 31st Annu Int ACM SIGIR Conf on Res and Dev in Inform Retrieval},
title = {{Learning to rank with partially-labeled data}},
year = {2008}
}

@inproceedings{Lin2009,
author = {Lin, Yuan and Lin, Hongfei and Yang, Zhihao and Su, Sui},
booktitle = {Proc 5th Asia Inform Retrieval Symp},
title = {{A Boosting Approach for Learning to Rank Using SVD with Partially Labeled Data}},
year = {2009}
}

@inproceedings{Yue2007,
author = {Yue, Yisong and Finley, Thomas and Radlinski, Filip and Joachims, Thorsten},
booktitle = {Proc 30th Annu Int ACM SIGIR Conf on Res and Dev in Inform Retrieval},
isbn = {1595935975},
title = {{A support vector method for optimizing average precision}},
year = {2007}
}

@inproceedings{Veloso2008,
author = {Veloso, Adriano A and Almeida, Humberto M and Gon\c{c}alves, Marcos A and {Meira Jr}, Wagner},
booktitle = {Proc 31st Annu Int ACM SIGIR Conf on Res and Dev in Inform Retrieval},
title = {{Learning to rank at query-time using association rules}},
year = {2008}
}

@inproceedings{Diaz-Aviles2009,
author = {Diaz-Aviles, Ernesto and Nejdl, Wolfgang and Schmidt-Thieme, Lars},
booktitle = {Proc 11th Annu Conf on Genetic and Evol Comput},
title = {{Swarming to rank for information retrieval}},
year = {2009}
}

@TECHREPORT{Burges2010,
author = {Burges, Christopher J C},
institution = {Microsoft Research},
title = {{From RankNet to LambdaRank to LambdaMART: An overview}},
year = {2010}
}

@inproceedings{Asadi2013a,
author = {Asadi, Nima and Lin, Jimmy},
booktitle = {Proc 25th Eur Conf on Advances in Inform Retrieval},
title = {{Training Efficient Tree-Based Models for Document Ranking}},
volume = {7814},
year = {2013}
}

@inproceedings{Burges2006,
author = {Burges, Christopher J C and Ragno, Robert and Le, Quoc Viet},
booktitle = {Advances in Neural Inform Process Syst},
title = {{Learning to rank with nonsmooth cost functions}},
volume = {6},
year = {2006}
}

@article{Cai2012,
author = {Cai, Fei and Guo, Deke and Chen, Honghui and Shu, Zhen},
issn = {1932-6203},
journal = {PloS One},
number = {12},
title = {{Your Relevance Feedback Is Essential: Enhancing the Learning to Rank Using the Virtual Feature Based Logistic Regression}},
volume = {7},
year = {2012}
}